<?xml version="1.0" encoding="UTF-8"?>
<!DOCTYPE html PUBLIC "-//W3C//DTD XHTML 1.0 Transitional//EN"
    "http://www.w3.org/TR/xhtml1/DTD/xhtml1-transitional.dtd">
<html xmlns="http://www.w3.org/1999/xhtml" xml:lang="en" lang="en">
 <head>
  <title>
</title>
<meta http-equiv="Content-Type" content="text/html;charset=utf-8" />
  <meta name='ocr-system' content='tesseract 3.04.00' />
  <meta name='ocr-capabilities' content='ocr_page ocr_carea ocr_par ocr_line ocrx_word'/>
</head>
<body>
  <div class='ocr_page' id='page_1' title='image "./marcivaleriimar04martgoog_0015.png"; bbox 0 0 3034 4902; ppageno 0'>
   <div class='ocr_carea' id='block_1_1' title="bbox 188 371 867 432">
    <p class='ocr_par' dir='ltr' id='par_1_1' title="bbox 188 371 867 432">
     <span class='ocr_line' id='line_1_1' title="bbox 188 371 867 432; baseline -0.003 0"><span class='ocrx_word' id='word_1_1' title='bbox 188 371 211 432; x_wconf 85' lang='grc'>4</span> <span class='ocrx_word' id='word_1_2' title='bbox 593 381 645 430; x_wconf 78' lang='lat' dir='ltr'><strong>en</strong></span> <span class='ocrx_word' id='word_1_3' title='bbox 669 381 867 430; x_wconf 80' lang='lat' dir='ltr'><strong>nnorouss.</strong></span> 
     </span>
    </p>
   </div>
   <div class='ocr_carea' id='block_1_2' title="bbox 188 521 1373 3850">
    <p class='ocr_par' dir='ltr' id='par_1_2' title="bbox 188 521 1373 3850">
     <span class='ocr_line' id='line_1_2' title="bbox 190 521 1282 612; baseline 0 -20"><span class='ocrx_word' id='word_1_4' title='bbox 190 528 328 592; x_wconf 84' lang='lat' dir='ltr'><strong>aliorum</strong></span> <span class='ocrx_word' id='word_1_5' title='bbox 344 521 552 609; x_wconf 86' lang='lat' dir='ltr'><strong>praejudicio,</strong></span> <span class='ocrx_word' id='word_1_6' title='bbox 583 541 644 590; x_wconf 84' lang='lat' dir='ltr'><strong>seu</strong></span> <span class='ocrx_word' id='word_1_7' title='bbox 669 523 794 590; x_wconf 85' lang='lat' dir='ltr'><strong>fidncia</strong></span> <span class='ocrx_word' id='word_1_8' title='bbox 816 527 869 590; x_wconf 88' lang='lat' dir='ltr'><strong>sui</strong></span> <span class='ocrx_word' id='word_1_9' title='bbox 892 525 1033 592; x_wconf 82' lang='lat' dir='ltr'><strong>andiunt</strong></span> <span class='ocrx_word' id='word_1_10' title='bbox 1058 526 1166 591; x_wconf 87' lang='lat' dir='ltr'><strong>solum</strong></span> <span class='ocrx_word' id='word_1_11' title='bbox 1190 527 1282 612; x_wconf 87' lang='lat' dir='ltr'><strong>qnod</strong></span> 
     </span>
     <span class='ocr_line' id='line_1_3' title="bbox 191 625 1284 710; baseline 0.001 -17"><span class='ocrx_word' id='word_1_12' title='bbox 191 633 342 710; x_wconf 81' lang='lat' dir='ltr'><strong>carpant,</strong></span> <span class='ocrx_word' id='word_1_13' title='bbox 355 645 465 710; x_wconf 88' lang='lat' dir='ltr'><strong>neque</strong></span> <span class='ocrx_word' id='word_1_14' title='bbox 478 631 546 690; x_wconf 88' lang='lat' dir='ltr'><strong>tam</strong></span> <span class='ocrx_word' id='word_1_15' title='bbox 560 629 694 689; x_wconf 90' lang='lat' dir='ltr'><strong>utuntur</strong></span> <span class='ocrx_word' id='word_1_16' title='bbox 706 625 813 691; x_wconf 88' lang='lat' dir='ltr'><strong>literis</strong></span> <span class='ocrx_word' id='word_1_17' title='bbox 828 645 931 710; x_wconf 89' lang='lat' dir='ltr'><strong>quam</strong></span> <span class='ocrx_word' id='word_1_18' title='bbox 945 627 1131 706; x_wconf 86' lang='lat' dir='ltr'><strong>abutuntur,</strong></span> <span class='ocrx_word' id='word_1_19' title='bbox 1142 627 1177 691; x_wconf 93' lang='lat' dir='ltr'><strong>in</strong></span> <span class='ocrx_word' id='word_1_20' title='bbox 1192 629 1284 694; x_wconf 88' lang='lat' dir='ltr'><strong>verbi</strong></span> 
     </span>
     <span class='ocr_line' id='line_1_4' title="bbox 191 727 1284 812; baseline 0.001 -20"><span class='ocrx_word' id='word_1_21' title='bbox 191 729 290 792; x_wconf 89' lang='lat' dir='ltr'><strong>nnius</strong></span> <span class='ocrx_word' id='word_1_22' title='bbox 316 733 374 794; x_wconf 83' lang='lat' dir='ltr'><strong>ont</strong></span> <span class='ocrx_word' id='word_1_23' title='bbox 395 727 532 792; x_wconf 85' lang='lat' dir='ltr'><strong>alterius</strong></span> <span class='ocrx_word' id='word_1_24' title='bbox 554 727 731 792; x_wconf 74' lang='lat' dir='ltr'><strong>calumnia</strong></span> <span class='ocrx_word' id='word_1_25' title='bbox 758 747 873 794; x_wconf 86' lang='lat' dir='ltr'><strong>ansam</strong></span> <span class='ocrx_word' id='word_1_26' title='bbox 899 734 1041 806; x_wconf 87' lang='lat' dir='ltr'><strong>struunt,</strong></span> <span class='ocrx_word' id='word_1_27' title='bbox 1066 748 1134 812; x_wconf 90' lang='lat' dir='ltr'><strong>quo</strong></span> <span class='ocrx_word' id='word_1_28' title='bbox 1156 727 1284 794; x_wconf 75' lang='lat' dir='ltr'><strong>Polites</strong></span> 
     </span>
     <span class='ocr_line' id='line_1_5' title="bbox 191 827 1284 914; baseline -0.001 -19"><span class='ocrx_word' id='word_1_29' title='bbox 191 831 225 895; x_wconf 91' lang='lat' dir='ltr'><strong>in</strong></span> <span class='ocrx_word' id='word_1_30' title='bbox 247 829 408 894; x_wconf 85' lang='lat' dir='ltr'><strong>invidiam</strong></span> <span class='ocrx_word' id='word_1_31' title='bbox 432 833 571 894; x_wconf 86' lang='lat' dir='ltr'><strong>vocent:</strong></span> <span class='ocrx_word' id='word_1_32' title='bbox 593 833 663 895; x_wconf 89' lang='lat' dir='ltr'><strong>tum</strong></span> <span class='ocrx_word' id='word_1_33' title='bbox 677 829 824 914; x_wconf 88' lang='lat' dir='ltr'><strong>deniqne</strong></span> <span class='ocrx_word' id='word_1_34' title='bbox 839 849 877 896; x_wconf 85' lang='lat' dir='ltr'><strong>se</strong></span> <span class='ocrx_word' id='word_1_35' title='bbox 900 830 1062 895; x_wconf 84' lang='lat' dir='ltr'><strong>Platonas</strong></span> <span class='ocrx_word' id='word_1_36' title='bbox 1087 836 1123 893; x_wconf 90' lang='lat' dir='ltr'><strong>et</strong></span> <span class='ocrx_word' id='word_1_37' title='bbox 1139 827 1284 894; x_wconf 80' lang='lat' dir='ltr'><strong>Arister-</strong></span> 
     </span>
     <span class='ocr_line' id='line_1_6' title="bbox 193 929 1284 1013; baseline -0.001 -16"><span class='ocrx_word' id='word_1_38' title='bbox 193 931 274 997; x_wconf 89' lang='lat' dir='ltr'><strong>clros</strong></span> <span class='ocrx_word' id='word_1_39' title='bbox 296 932 369 1010; x_wconf 89' lang='lat' dir='ltr'><strong>rati,</strong></span> <span class='ocrx_word' id='word_1_40' title='bbox 394 929 425 995; x_wconf 87' lang='lat' dir='ltr'><strong>si</strong></span> <span class='ocrx_word' id='word_1_41' title='bbox 447 930 568 996; x_wconf 77' lang='lat' dir='ltr'><strong>alienae</strong></span> <span class='ocrx_word' id='word_1_42' title='bbox 589 930 748 994; x_wconf 86' lang='lat' dir='ltr'><strong>insultent</strong></span> <span class='ocrx_word' id='word_1_43' title='bbox 768 929 873 1009; x_wconf 86' lang='lat' dir='ltr'><strong>laudi,</strong></span> <span class='ocrx_word' id='word_1_44' title='bbox 897 934 1000 1013; x_wconf 83' lang='lat' dir='ltr'><strong>utque</strong></span> <span class='ocrx_word' id='word_1_45' title='bbox 1023 929 1121 1004; x_wconf 70' lang='grc' dir='ltr'><strong>ὄποδις</strong></span> <span class='ocrx_word' id='word_1_46' title='bbox 1141 931 1284 996; x_wconf 81' lang='lat' dir='ltr'><strong>aricnloe</strong></span> 
     </span>
     <span class='ocr_line' id='line_1_7' title="bbox 191 1029 1284 1110; baseline 0.001 -14"><span class='ocrx_word' id='word_1_47' title='bbox 191 1051 303 1097; x_wconf 87' lang='lat' dir='ltr'><strong>ramos</strong></span> <span class='ocrx_word' id='word_1_48' title='bbox 323 1032 504 1110; x_wconf 78' lang='lat' dir='ltr'><strong>arborum,4</strong></span> <span class='ocrx_word' id='word_1_49' title='bbox 527 1031 579 1095; x_wconf 91' lang='lat' dir='ltr'><strong>sic</strong></span> <span class='ocrx_word' id='word_1_50' title='bbox 603 1030 657 1094; x_wconf 91' lang='lat' dir='ltr'><strong>illi</strong></span> <span class='ocrx_word' id='word_1_51' title='bbox 677 1029 831 1096; x_wconf 81' lang='lat' dir='ltr'><strong>humeros</strong></span> <span class='ocrx_word' id='word_1_52' title='bbox 846 1031 1009 1095; x_wconf 90' lang='lat' dir='ltr'><strong>bonorum</strong></span> <span class='ocrx_word' id='word_1_53' title='bbox 1029 1029 1182 1094; x_wconf 80' lang='lat' dir='ltr'><strong>affectent</strong></span> <span class='ocrx_word' id='word_1_54' title='bbox 1196 1032 1284 1097; x_wconf 87' lang='lat' dir='ltr'><strong>unde</strong></span> 
     </span>
     <span class='ocr_line' id='line_1_8' title="bbox 193 1129 1284 1216; baseline 0 -18"><span class='ocrx_word' id='word_1_55' title='bbox 193 1133 366 1198; x_wconf 83' lang='lat' dir='ltr'><strong>emineant</strong></span> <span class='ocrx_word' id='word_1_56' title='bbox 409 1129 494 1210; x_wconf 86' lang='lat' dir='ltr'><strong>Alii,</strong></span> <span class='ocrx_word' id='word_1_57' title='bbox 507 1129 658 1196; x_wconf 89' lang='lat' dir='ltr'><strong>homiues</strong></span> <span class='ocrx_word' id='word_1_58' title='bbox 678 1130 802 1212; x_wconf 82' lang='lat' dir='ltr'><strong>ignara</strong></span> <span class='ocrx_word' id='word_1_59' title='bbox 822 1149 926 1214; x_wconf 85' lang='lat' dir='ltr'><strong>opera</strong></span> <span class='ocrx_word' id='word_1_60' title='bbox 943 1138 1046 1216; x_wconf 78' lang='lat' dir='ltr'><strong>atque</strong></span> <span class='ocrx_word' id='word_1_61' title='bbox 1068 1132 1184 1197; x_wconf 82' lang='lat' dir='ltr'><strong>servili</strong></span> <span class='ocrx_word' id='word_1_62' title='bbox 1210 1152 1284 1198; x_wconf 86' lang='lat' dir='ltr'><strong>sen-</strong></span> 
     </span>
     <span class='ocr_line' id='line_1_9' title="bbox 193 1231 1283 1317; baseline -0.001 -17"><span class='ocrx_word' id='word_1_63' title='bbox 193 1235 305 1312; x_wconf 85' lang='lat' dir='ltr'><strong>tentia,</strong></span> <span class='ocrx_word' id='word_1_64' title='bbox 320 1231 472 1317; x_wconf 71' lang='grc' dir='ltr'><strong>δοξόσοφοι,</strong></span> <span class='ocrx_word' id='word_1_65' title='bbox 486 1231 615 1317; x_wconf 85' lang='lat' dir='ltr'><strong>pedarii</strong></span> <span class='ocrx_word' id='word_1_66' title='bbox 623 1231 757 1316; x_wconf 86' lang='lat' dir='ltr'><strong>jndices</strong></span> <span class='ocrx_word' id='word_1_67' title='bbox 780 1238 814 1296; x_wconf 91' lang='lat' dir='ltr'><strong>et</strong></span> <span class='ocrx_word' id='word_1_68' title='bbox 836 1249 883 1296; x_wconf 88' lang='lat' dir='ltr'><strong>ex</strong></span> <span class='ocrx_word' id='word_1_69' title='bbox 903 1232 1046 1298; x_wconf 82' lang='lat' dir='ltr'><strong>aliorum</strong></span> <span class='ocrx_word' id='word_1_70' title='bbox 1060 1253 1118 1298; x_wconf 90' lang='lat' dir='ltr'><strong>ore</strong></span> <span class='ocrx_word' id='word_1_71' title='bbox 1133 1234 1283 1317; x_wconf 82' lang='lat' dir='ltr'>penduli,</span> 
     </span>
     <span class='ocr_line' id='line_1_10' title="bbox 192 1332 1286 1418; baseline -0.001 -16"><span class='ocrx_word' id='word_1_72' title='bbox 192 1337 325 1402; x_wconf 91' lang='lat' dir='ltr'><strong>illorum</strong></span> <span class='ocrx_word' id='word_1_73' title='bbox 339 1334 503 1401; x_wconf 88' lang='lat' dir='ltr'><strong>velificati</strong></span> <span class='ocrx_word' id='word_1_74' title='bbox 512 1333 716 1410; x_wconf 78' lang='lat' dir='ltr'><strong>auctoritati,</strong></span> <span class='ocrx_word' id='word_1_75' title='bbox 731 1332 945 1417; x_wconf 88' lang='lat' dir='ltr'><strong>subjudicaut</strong></span> <span class='ocrx_word' id='word_1_76' title='bbox 958 1334 1075 1418; x_wconf 87' lang='lat' dir='ltr'><strong>potius</strong></span> <span class='ocrx_word' id='word_1_77' title='bbox 1089 1353 1188 1418; x_wconf 90' lang='lat' dir='ltr'><strong>qnam</strong></span> <span class='ocrx_word' id='word_1_78' title='bbox 1202 1357 1286 1418; x_wconf 87' lang='lat' dir='ltr'><strong>praa·</strong></span> 
     </span>
     <span class='ocr_line' id='line_1_11' title="bbox 188 1433 1285 1522; baseline -0.002 -20"><span class='ocrx_word' id='word_1_79' title='bbox 188 1437 350 1522; x_wconf 81' lang='lat' dir='ltr'><strong>judicent</strong></span> <span class='ocrx_word' id='word_1_80' title='bbox 393 1435 465 1501; x_wconf 82' lang='lat' dir='ltr'><strong>Alii</strong></span> <span class='ocrx_word' id='word_1_81' title='bbox 485 1435 592 1499; x_wconf 88' lang='lat' dir='ltr'><strong>barba</strong></span> <span class='ocrx_word' id='word_1_82' title='bbox 611 1441 708 1498; x_wconf 85' lang='lat' dir='ltr'><strong>tenus</strong></span> <span class='ocrx_word' id='word_1_83' title='bbox 731 1433 833 1513; x_wconf 89' lang='lat' dir='ltr'><strong>docti,</strong></span> <span class='ocrx_word' id='word_1_84' title='bbox 848 1435 946 1518; x_wconf 92' lang='lat' dir='ltr'><strong>piceo</strong></span> <span class='ocrx_word' id='word_1_85' title='bbox 961 1455 1081 1518; x_wconf 85' lang='lat' dir='ltr'><strong>graves</strong></span> <span class='ocrx_word' id='word_1_86' title='bbox 1096 1435 1211 1520; x_wconf 79' lang='lat' dir='ltr'><strong>pallio,</strong></span> <span class='ocrx_word' id='word_1_87' title='bbox 1226 1437 1285 1502; x_wconf 91' lang='lat' dir='ltr'><strong>ubi</strong></span> 
     </span>
     <span class='ocr_line' id='line_1_12' title="bbox 194 1533 1287 1618; baseline 0 -16"><span class='ocrx_word' id='word_1_88' title='bbox 194 1559 216 1602; x_wconf 88' lang='lat' dir='ltr'><strong>a</strong></span> <span class='ocrx_word' id='word_1_89' title='bbox 230 1537 346 1602; x_wconf 86' lang='lat' dir='ltr'><strong>rastris</strong></span> <span class='ocrx_word' id='word_1_90' title='bbox 360 1536 404 1600; x_wconf 89' lang='lat' dir='ltr'><strong>ad</strong></span> <span class='ocrx_word' id='word_1_91' title='bbox 418 1540 525 1600; x_wconf 91' lang='lat' dir='ltr'><strong>rostra</strong></span> <span class='ocrx_word' id='word_1_92' title='bbox 543 1533 815 1613; x_wconf 80' lang='lat' dir='ltr'><strong>transcenderint,</strong></span> <span class='ocrx_word' id='word_1_93' title='bbox 827 1534 965 1618; x_wconf 81' lang='lat' dir='ltr'><strong>jamque</strong></span> <span class='ocrx_word' id='word_1_94' title='bbox 979 1543 1105 1601; x_wconf 87' lang='lat' dir='ltr'><strong>ostrum</strong></span> <span class='ocrx_word' id='word_1_95' title='bbox 1120 1538 1287 1603; x_wconf 88' lang='lat' dir='ltr'><strong>somniare</strong></span> 
     </span>
     <span class='ocr_line' id='line_1_13' title="bbox 194 1635 1373 1726; baseline 0 -21"><span class='ocrx_word' id='word_1_96' title='bbox 194 1639 280 1717; x_wconf 84' lang='lat' dir='ltr'><strong>ausi,</strong></span> <span class='ocrx_word' id='word_1_97' title='bbox 297 1657 439 1704; x_wconf 83' lang='lat' dir='ltr'><strong>vacuum</strong></span> <span class='ocrx_word' id='word_1_98' title='bbox 453 1637 532 1722; x_wconf 89' lang='lat' dir='ltr'><strong>plus</strong></span> <span class='ocrx_word' id='word_1_99' title='bbox 547 1635 650 1700; x_wconf 91' lang='lat' dir='ltr'><strong>nimio</strong></span> <span class='ocrx_word' id='word_1_100' title='bbox 673 1637 832 1700; x_wconf 84' lang='lat' dir='ltr'><strong>verticem</strong></span> <span class='ocrx_word' id='word_1_101' title='bbox 850 1638 931 1702; x_wconf 88' lang='lat' dir='ltr'><strong>inter</strong></span> <span class='ocrx_word' id='word_1_102' title='bbox 954 1643 1048 1702; x_wconf 88' lang='lat' dir='ltr'><strong>astra</strong></span> <span class='ocrx_word' id='word_1_103' title='bbox 1070 1639 1286 1720; x_wconf 85' lang='lat' dir='ltr'><strong>condiderint,</strong></span> <span class='ocrx_word' id='word_1_104' title='bbox 1370 1720 1373 1726; x_wconf 19' lang='grc' dir='ltr'><strong><em>Ι</em></strong></span> 
     </span>
     <span class='ocr_line' id='line_1_14' title="bbox 195 1736 1286 1822; baseline -0.002 -15"><span class='ocrx_word' id='word_1_105' title='bbox 195 1741 363 1807; x_wconf 82' lang='lat' dir='ltr'><strong>Mercurio</strong></span> <span class='ocrx_word' id='word_1_106' title='bbox 386 1757 462 1804; x_wconf 90' lang='lat' dir='ltr'><strong>cum</strong></span> <span class='ocrx_word' id='word_1_107' title='bbox 488 1736 678 1819; x_wconf 87' lang='lat' dir='ltr'><strong>Philologia</strong></span> <span class='ocrx_word' id='word_1_108' title='bbox 701 1755 776 1816; x_wconf 89' lang='lat' dir='ltr'><strong>sua,</strong></span> <span class='ocrx_word' id='word_1_109' title='bbox 792 1757 894 1820; x_wconf 89' lang='lat' dir='ltr'><strong>quam</strong></span> <span class='ocrx_word' id='word_1_110' title='bbox 917 1738 997 1821; x_wconf 83' lang='lat' dir='ltr'><strong>quie</strong></span> <span class='ocrx_word' id='word_1_111' title='bbox 1019 1757 1062 1803; x_wconf 91' lang='lat' dir='ltr'><strong>ne</strong></span> <span class='ocrx_word' id='word_1_112' title='bbox 1085 1739 1286 1822; x_wconf 90' lang='lat' dir='ltr'><strong>primoribus</strong></span> 
     </span>
     <span class='ocr_line' id='line_1_15' title="bbox 194 1837 1287 1926; baseline -0.001 -19"><span class='ocrx_word' id='word_1_113' title='bbox 194 1841 329 1926; x_wconf 90' lang='lat' dir='ltr'><strong>quidem</strong></span> <span class='ocrx_word' id='word_1_114' title='bbox 338 1840 441 1905; x_wconf 87' lang='lat' dir='ltr'><strong>labiis</strong></span> <span class='ocrx_word' id='word_1_115' title='bbox 455 1838 649 1922; x_wconf 77' lang='lat' dir='ltr'><strong>praelibasse</strong></span> <span class='ocrx_word' id='word_1_116' title='bbox 660 1837 704 1902; x_wconf 90' lang='lat' dir='ltr'><strong>iis</strong></span> <span class='ocrx_word' id='word_1_117' title='bbox 713 1839 863 1920; x_wconf 81' lang='lat' dir='ltr'><strong>contigit,</strong></span> <span class='ocrx_word' id='word_1_118' title='bbox 872 1840 962 1904; x_wconf 85' lang='lat' dir='ltr'><strong>bona</strong></span> <span class='ocrx_word' id='word_1_119' title='bbox 971 1857 1037 1904; x_wconf 92' lang='lat' dir='ltr'><strong>non</strong></span> <span class='ocrx_word' id='word_1_120' title='bbox 1052 1839 1167 1905; x_wconf 83' lang='lat' dir='ltr'><strong>dicunt</strong></span> <span class='ocrx_word' id='word_1_121' title='bbox 1176 1842 1287 1920; x_wconf 84' lang='lat' dir='ltr'><strong>verba,</strong></span> 
     </span>
     <span class='ocr_line' id='line_1_16' title="bbox 194 1935 1288 2024; baseline -0.002 -17"><span class='ocrx_word' id='word_1_122' title='bbox 194 1946 295 2008; x_wconf 88' lang='lat' dir='ltr'><strong>immo</strong></span> <span class='ocrx_word' id='word_1_123' title='bbox 309 1938 658 2018; x_wconf 82' lang='lat' dir='ltr'><strong>nuntinmremittunt3</strong></span> <span class='ocrx_word' id='word_1_124' title='bbox 680 1935 870 2020; x_wconf 86' lang='lat' dir='ltr'><strong>Apollinem</strong></span> <span class='ocrx_word' id='word_1_125' title='bbox 891 1943 924 2002; x_wconf 91' lang='lat' dir='ltr'><strong>et</strong></span> <span class='ocrx_word' id='word_1_126' title='bbox 948 1937 1081 2018; x_wconf 85' lang='lat' dir='ltr'><strong>Musas,</strong></span> <span class='ocrx_word' id='word_1_127' title='bbox 1101 1959 1186 2023; x_wconf 88' lang='lat' dir='ltr'><strong>quas</strong></span> <span class='ocrx_word' id='word_1_128' title='bbox 1208 1941 1288 2024; x_wconf 85' lang='lat' dir='ltr'><strong>qnia</strong></span> 
     </span>
     <span class='ocr_line' id='line_1_17' title="bbox 194 2039 1288 2124; baseline -0.003 -14"><span class='ocrx_word' id='word_1_129' title='bbox 194 2043 262 2110; x_wconf 89' lang='lat' dir='ltr'><strong>illis</strong></span> <span class='ocrx_word' id='word_1_130' title='bbox 276 2063 319 2108; x_wconf 92' lang='lat' dir='ltr'><strong>ne</strong></span> <span class='ocrx_word' id='word_1_131' title='bbox 334 2062 356 2107; x_wconf 88' lang='lat' dir='ltr'><strong>a</strong></span> <span class='ocrx_word' id='word_1_132' title='bbox 369 2040 482 2108; x_wconf 87' lang='lat' dir='ltr'><strong>limine</strong></span> <span class='ocrx_word' id='word_1_133' title='bbox 499 2039 633 2124; x_wconf 84' lang='lat' dir='ltr'><strong>quidem</strong></span> <span class='ocrx_word' id='word_1_134' title='bbox 658 2039 824 2104; x_wconf 84' lang='lat' dir='ltr'><strong>salutasse</strong></span> <span class='ocrx_word' id='word_1_135' title='bbox 847 2039 963 2104; x_wconf 89' lang='lat' dir='ltr'><strong>datum</strong></span> <span class='ocrx_word' id='word_1_136' title='bbox 985 2048 1046 2119; x_wconf 87' lang='lat' dir='ltr'><strong>est,</strong></span> <span class='ocrx_word' id='word_1_137' title='bbox 1070 2041 1288 2107; x_wconf 85' lang='lat' dir='ltr'><strong>eliminandos</strong></span> 
     </span>
     <span class='ocr_line' id='line_1_18' title="bbox 194 2139 1288 2222; baseline -0.003 -12"><span class='ocrx_word' id='word_1_138' title='bbox 194 2143 376 2222; x_wconf 87' lang='lat' dir='ltr'><strong>clamitant,</strong></span> <span class='ocrx_word' id='word_1_139' title='bbox 391 2149 426 2206; x_wconf 91' lang='lat' dir='ltr'><strong>et</strong></span> <span class='ocrx_word' id='word_1_140' title='bbox 439 2139 583 2205; x_wconf 84' lang='lat' dir='ltr'><strong>inscitiae</strong></span> <span class='ocrx_word' id='word_1_141' title='bbox 599 2157 671 2204; x_wconf 73' lang='lat' dir='ltr'><strong>suae</strong></span> <span class='ocrx_word' id='word_1_142' title='bbox 688 2147 911 2222; x_wconf 80' lang='lat' dir='ltr'><strong>praetaxentes</strong></span> <span class='ocrx_word' id='word_1_143' title='bbox 934 2141 1196 2222; x_wconf 80' lang='lat' dir='ltr'><strong>sanctimoniam,</strong></span> <span class='ocrx_word' id='word_1_144' title='bbox 1211 2161 1288 2208; x_wconf 80' lang='lat' dir='ltr'><strong>cunr</strong></span> 
     </span>
     <span class='ocr_line' id='line_1_19' title="bbox 195 2239 1289 2320; baseline 0 -10"><span class='ocrx_word' id='word_1_145' title='bbox 195 2253 284 2310; x_wconf 87' lang='lat' dir='ltr'><strong>artes</strong></span> <span class='ocrx_word' id='word_1_146' title='bbox 313 2261 428 2309; x_wconf 89' lang='lat' dir='ltr'><strong>omnes</strong></span> <span class='ocrx_word' id='word_1_147' title='bbox 457 2239 676 2320; x_wconf 88' lang='lat' dir='ltr'><strong>humaniores,</strong></span> <span class='ocrx_word' id='word_1_148' title='bbox 704 2244 776 2304; x_wconf 86' lang='lat' dir='ltr'><strong>tum</strong></span> <span class='ocrx_word' id='word_1_149' title='bbox 804 2239 978 2306; x_wconf 72' lang='lat' dir='ltr'><strong>Podticam</strong></span> <span class='ocrx_word' id='word_1_150' title='bbox 1003 2242 1225 2308; x_wconf 80' lang='lat' dir='ltr'><strong>damnandam</strong></span> <span class='ocrx_word' id='word_1_151' title='bbox 1254 2248 1289 2310; x_wconf 90' lang='lat' dir='ltr'><strong>in</strong></span> 
     </span>
     <span class='ocr_line' id='line_1_20' title="bbox 195 2341 1289 2428; baseline -0.001 -17"><span class='ocrx_word' id='word_1_152' title='bbox 195 2349 313 2422; x_wconf 88' lang='lat' dir='ltr'><strong>totum,</strong></span> <span class='ocrx_word' id='word_1_153' title='bbox 328 2349 372 2424; x_wconf 90' lang='lat' dir='ltr'><strong>et,</strong></span> <span class='ocrx_word' id='word_1_154' title='bbox 386 2350 427 2409; x_wconf 89' lang='lat' dir='ltr'><strong>ut</strong></span> <span class='ocrx_word' id='word_1_155' title='bbox 447 2361 522 2409; x_wconf 91' lang='lat' dir='ltr'><strong>cnm</strong></span> <span class='ocrx_word' id='word_1_156' title='bbox 538 2341 676 2407; x_wconf 90' lang='lat' dir='ltr'><strong>Sidonio</strong></span> <span class='ocrx_word' id='word_1_157' title='bbox 690 2341 833 2428; x_wconf 69' lang='lat' dir='ltr'><strong>loquar,5</strong></span> <span class='ocrx_word' id='word_1_158' title='bbox 854 2347 923 2406; x_wconf 83' lang='lat' dir='ltr'><strong>‘ex</strong></span> <span class='ocrx_word' id='word_1_159' title='bbox 944 2341 1038 2407; x_wconf 85' lang='lat' dir='ltr'><strong>asse’</strong></span> <span class='ocrx_word' id='word_1_160' title='bbox 1063 2345 1289 2427; x_wconf 86' lang='lat' dir='ltr'><strong>pronuntiant.</strong></span> 
     </span>
     <span class='ocr_line' id='line_1_21' title="bbox 196 2441 1290 2530; baseline 0.002 -20"><span class='ocrx_word' id='word_1_161' title='bbox 196 2445 268 2511; x_wconf 90' lang='lat' dir='ltr'><strong>Alii</strong></span> <span class='ocrx_word' id='word_1_162' title='bbox 282 2447 433 2530; x_wconf 87' lang='lat' dir='ltr'><strong>deniqne,</strong></span> <span class='ocrx_word' id='word_1_163' title='bbox 454 2449 493 2510; x_wconf 91' lang='lat' dir='ltr'><strong>ut</strong></span> <span class='ocrx_word' id='word_1_164' title='bbox 513 2444 548 2509; x_wconf 91' lang='lat' dir='ltr'><strong>in</strong></span> <span class='ocrx_word' id='word_1_165' title='bbox 572 2460 709 2508; x_wconf 85' lang='lat' dir='ltr'><strong>arenam</strong></span> <span class='ocrx_word' id='word_1_166' title='bbox 733 2459 842 2506; x_wconf 80' lang='lat' dir='ltr'><strong>meam</strong></span> <span class='ocrx_word' id='word_1_167' title='bbox 866 2441 1077 2523; x_wconf 81' lang='lat' dir='ltr'><strong>descendam,</strong></span> <span class='ocrx_word' id='word_1_168' title='bbox 1099 2453 1134 2508; x_wconf 89' lang='lat' dir='ltr'><strong>et</strong></span> <span class='ocrx_word' id='word_1_169' title='bbox 1158 2445 1202 2510; x_wconf 84' lang='lat' dir='ltr'><strong>ad</strong></span> <span class='ocrx_word' id='word_1_170' title='bbox 1224 2447 1290 2513; x_wconf 89' lang='lat' dir='ltr'><strong>mei</strong></span> 
     </span>
     <span class='ocr_line' id='line_1_22' title="bbox 196 2543 1290 2627; baseline 0.002 -15"><span class='ocrx_word' id='word_1_171' title='bbox 196 2547 319 2613; x_wconf 86' lang='lat' dir='ltr'><strong>ordinis</strong></span> <span class='ocrx_word' id='word_1_172' title='bbox 332 2545 498 2624; x_wconf 88' lang='lat' dir='ltr'><strong>homnlos,</strong></span> <span class='ocrx_word' id='word_1_173' title='bbox 515 2544 612 2610; x_wconf 83' lang='lat' dir='ltr'><strong>salva</strong></span> <span class='ocrx_word' id='word_1_174' title='bbox 632 2563 763 2627; x_wconf 87' lang='lat' dir='ltr'><strong>semper</strong></span> <span class='ocrx_word' id='word_1_175' title='bbox 781 2543 892 2609; x_wconf 88' lang='lat' dir='ltr'><strong>doctis</strong></span> <span class='ocrx_word' id='word_1_176' title='bbox 910 2551 945 2610; x_wconf 87' lang='lat' dir='ltr'><strong>et</strong></span> <span class='ocrx_word' id='word_1_177' title='bbox 963 2547 1183 2614; x_wconf 85' lang='lat' dir='ltr'><strong>benemeritis</strong></span> <span class='ocrx_word' id='word_1_178' title='bbox 1197 2567 1290 2614; x_wconf 87' lang='lat' dir='ltr'><strong>reve-</strong></span> 
     </span>
     <span class='ocr_line' id='line_1_23' title="bbox 195 2645 1290 2735; baseline 0.003 -23"><span class='ocrx_word' id='word_1_179' title='bbox 195 2651 314 2727; x_wconf 85' lang='lat' dir='ltr'><strong>rentia,</strong></span> <span class='ocrx_word' id='word_1_180' title='bbox 330 2665 416 2731; x_wconf 90' lang='lat' dir='ltr'><strong>qnos</strong></span> <span class='ocrx_word' id='word_1_181' title='bbox 429 2665 525 2711; x_wconf 90' lang='lat' dir='ltr'><strong>nemo</strong></span> <span class='ocrx_word' id='word_1_182' title='bbox 540 2645 725 2710; x_wconf 85' lang='lat' dir='ltr'><strong>mortalium</strong></span> <span class='ocrx_word' id='word_1_183' title='bbox 744 2647 851 2729; x_wconf 86' lang='lat' dir='ltr'><strong>magis</strong></span> <span class='ocrx_word' id='word_1_184' title='bbox 875 2645 958 2712; x_wconf 87' lang='lat' dir='ltr'><strong>colit</strong></span> <span class='ocrx_word' id='word_1_185' title='bbox 971 2667 1071 2731; x_wconf 86' lang='lat' dir='ltr'><strong>qnam</strong></span> <span class='ocrx_word' id='word_1_186' title='bbox 1095 2669 1167 2732; x_wconf 77' lang='lat' dir='ltr'><strong>ego,</strong></span> <span class='ocrx_word' id='word_1_187' title='bbox 1182 2651 1290 2735; x_wconf 86' lang='lat' dir='ltr'><strong>magis</strong></span> 
     </span>
     <span class='ocr_line' id='line_1_24' title="bbox 195 2747 1292 2835; baseline 0.003 -21"><span class='ocrx_word' id='word_1_188' title='bbox 195 2754 383 2826; x_wconf 82' lang='lat' dir='ltr'><strong>veneretur,</strong></span> <span class='ocrx_word' id='word_1_189' title='bbox 397 2765 466 2811; x_wconf 90' lang='lat' dir='ltr'><strong>non</strong></span> <span class='ocrx_word' id='word_1_190' title='bbox 480 2748 677 2813; x_wconf 86' lang='lat' dir='ltr'><strong>submittunt</strong></span> <span class='ocrx_word' id='word_1_191' title='bbox 690 2765 729 2812; x_wconf 89' lang='lat' dir='ltr'><strong>se</strong></span> <span class='ocrx_word' id='word_1_192' title='bbox 748 2747 898 2814; x_wconf 89' lang='lat' dir='ltr'><strong>Petronii</strong></span> <span class='ocrx_word' id='word_1_193' title='bbox 916 2749 1067 2830; x_wconf 82' lang='lat' dir='ltr'><strong>arbitrio,</strong></span> <span class='ocrx_word' id='word_1_194' title='bbox 1082 2751 1142 2835; x_wconf 88' lang='lat' dir='ltr'><strong>qni</strong></span> <span class='ocrx_word' id='word_1_195' title='bbox 1154 2771 1292 2834; x_wconf 81' lang='lat' dir='ltr'><strong>genero·</strong></span> 
     </span>
     <span class='ocr_line' id='line_1_25' title="bbox 198 2847 1291 2936; baseline 0.005 -23"><span class='ocrx_word' id='word_1_196' title='bbox 198 2849 296 2914; x_wconf 86' lang='lat' dir='ltr'><strong>sioris</strong></span> <span class='ocrx_word' id='word_1_197' title='bbox 312 2849 430 2914; x_wconf 75' lang='lat' dir='ltr'><strong>Polites</strong></span> <span class='ocrx_word' id='word_1_198' title='bbox 445 2847 606 2932; x_wconf 83' lang='lat' dir='ltr'><strong>spiritum,</strong></span> <span class='ocrx_word' id='word_1_199' title='bbox 620 2847 796 2912; x_wconf 82' lang='lat' dir='ltr'><strong>sanitatem</strong></span> <span class='ocrx_word' id='word_1_200' title='bbox 818 2867 928 2914; x_wconf 81' lang='lat' dir='ltr'><strong>amere</strong></span> <span class='ocrx_word' id='word_1_201' title='bbox 949 2856 1061 2934; x_wconf 77' lang='lat' dir='ltr'><strong>negat,</strong></span> <span class='ocrx_word' id='word_1_202' title='bbox 1074 2871 1180 2936; x_wconf 89' lang='lat' dir='ltr'><strong>neque</strong></span> <span class='ocrx_word' id='word_1_203' title='bbox 1203 2853 1291 2918; x_wconf 87' lang='lat' dir='ltr'><strong>enim</strong></span> 
     </span>
     <span class='ocr_line' id='line_1_26' title="bbox 197 2947 1291 3036; baseline 0.003 -20"><span class='ocrx_word' id='word_1_204' title='bbox 197 2950 374 3035; x_wconf 87' lang='lat' dir='ltr'><strong>concipere</strong></span> <span class='ocrx_word' id='word_1_205' title='bbox 400 2954 461 3015; x_wconf 82' lang='lat' dir='ltr'><strong>eut</strong></span> <span class='ocrx_word' id='word_1_206' title='bbox 479 2947 575 3015; x_wconf 88' lang='lat' dir='ltr'><strong>edere</strong></span> <span class='ocrx_word' id='word_1_207' title='bbox 599 2957 734 3034; x_wconf 86' lang='lat' dir='ltr'><strong>partum</strong></span> <span class='ocrx_word' id='word_1_208' title='bbox 762 2955 905 3014; x_wconf 88' lang='lat' dir='ltr'><strong>mentem</strong></span> <span class='ocrx_word' id='word_1_209' title='bbox 938 2969 1054 3034; x_wconf 82' lang='lat' dir='ltr'><strong>posse,</strong></span> <span class='ocrx_word' id='word_1_210' title='bbox 1077 2954 1143 3018; x_wconf 89' lang='lat' dir='ltr'><strong>nisi</strong></span> <span class='ocrx_word' id='word_1_211' title='bbox 1165 2954 1291 3036; x_wconf 85' lang='lat' dir='ltr'><strong>ingenti</strong></span> 
     </span>
     <span class='ocr_line' id='line_1_27' title="bbox 196 3051 1291 3138; baseline 0.003 -21"><span class='ocrx_word' id='word_1_212' title='bbox 196 3052 333 3118; x_wconf 85' lang='lat' dir='ltr'><strong>flumine</strong></span> <span class='ocrx_word' id='word_1_213' title='bbox 345 3051 514 3118; x_wconf 88' lang='lat' dir='ltr'><strong>literarum</strong></span> <span class='ocrx_word' id='word_1_214' title='bbox 527 3051 726 3118; x_wconf 84' lang='lat' dir='ltr'><strong>inundante:</strong></span> <span class='ocrx_word' id='word_1_215' title='bbox 741 3071 845 3137; x_wconf 86' lang='lat' dir='ltr'><strong>neque</strong></span> <span class='ocrx_word' id='word_1_216' title='bbox 860 3053 1026 3131; x_wconf 78' lang='lat' dir='ltr'><strong>Senecae,⁶</strong></span> <span class='ocrx_word' id='word_1_217' title='bbox 1036 3055 1291 3138; x_wconf 84' lang='lat' dir='ltr'><strong>pronuntiantis,</strong></span> 
     </span>
     <span class='ocr_line' id='line_1_28' title="bbox 197 3153 1292 3242; baseline 0.003 -25"><span class='ocrx_word' id='word_1_218' title='bbox 197 3173 261 3218; x_wconf 88' lang='lat' dir='ltr'><strong>non</strong></span> <span class='ocrx_word' id='word_1_219' title='bbox 275 3173 378 3236; x_wconf 85' lang='lat' dir='ltr'><strong>posse</strong></span> <span class='ocrx_word' id='word_1_220' title='bbox 394 3173 472 3219; x_wconf 91' lang='lat' dir='ltr'><strong>eum</strong></span> <span class='ocrx_word' id='word_1_221' title='bbox 487 3153 615 3238; x_wconf 89' lang='lat' dir='ltr'><strong>aliquid</strong></span> <span class='ocrx_word' id='word_1_222' title='bbox 629 3155 787 3238; x_wconf 86' lang='lat' dir='ltr'><strong>grandius</strong></span> <span class='ocrx_word' id='word_1_223' title='bbox 798 3173 854 3220; x_wconf 92' lang='lat' dir='ltr'><strong>ore</strong></span> <span class='ocrx_word' id='word_1_224' title='bbox 867 3155 1000 3220; x_wconf 86' lang='lat' dir='ltr'><strong>mortali</strong></span> <span class='ocrx_word' id='word_1_225' title='bbox 1014 3173 1147 3236; x_wconf 87' lang='lat' dir='ltr'><strong>canere,</strong></span> <span class='ocrx_word' id='word_1_226' title='bbox 1158 3157 1224 3223; x_wconf 88' lang='lat' dir='ltr'><strong>nisi</strong></span> <span class='ocrx_word' id='word_1_227' title='bbox 1233 3157 1292 3242; x_wconf 90' lang='lat' dir='ltr'><strong>qni</strong></span> 
     </span>
     <span class='ocr_line' id='line_1_29' title="bbox 197 3253 1294 3340; baseline 0.005 -22"><span class='ocrx_word' id='word_1_228' title='bbox 197 3253 334 3336; x_wconf 79' lang='lat' dir='ltr'><strong>vulgata</strong></span> <span class='ocrx_word' id='word_1_229' title='bbox 360 3259 396 3319; x_wconf 88' lang='lat' dir='ltr'><strong>et</strong></span> <span class='ocrx_word' id='word_1_230' title='bbox 423 3255 526 3318; x_wconf 82' lang='lat' dir='ltr'><strong>solita</strong></span> <span class='ocrx_word' id='word_1_231' title='bbox 552 3256 741 3336; x_wconf 84' lang='lat' dir='ltr'><strong>contemsit,</strong></span> <span class='ocrx_word' id='word_1_232' title='bbox 771 3255 997 3340; x_wconf 86' lang='lat' dir='ltr'><strong>instinctuque</strong></span> <span class='ocrx_word' id='word_1_233' title='bbox 1023 3273 1122 3322; x_wconf 85' lang='lat' dir='ltr'><strong>sacro</strong></span> <span class='ocrx_word' id='word_1_234' title='bbox 1148 3261 1294 3325; x_wconf 82' lang='lat' dir='ltr'><strong>surrexit</strong></span> 
     </span>
     <span class='ocr_line' id='line_1_30' title="bbox 199 3353 1292 3443; baseline 0.007 -25"><span class='ocrx_word' id='word_1_235' title='bbox 199 3353 308 3432; x_wconf 86' lang='lat' dir='ltr'><strong>altior,</strong></span> <span class='ocrx_word' id='word_1_236' title='bbox 337 3355 535 3420; x_wconf 87' lang='lat' dir='ltr'><strong>anctoritate</strong></span> <span class='ocrx_word' id='word_1_237' title='bbox 562 3355 684 3422; x_wconf 84' lang='lat' dir='ltr'><strong>adduci</strong></span> <span class='ocrx_word' id='word_1_238' title='bbox 708 3363 862 3442; x_wconf 88' lang='lat' dir='ltr'><strong>possunt,</strong></span> <span class='ocrx_word' id='word_1_239' title='bbox 888 3366 928 3424; x_wconf 90' lang='lat' dir='ltr'><strong>nt</strong></span> <span class='ocrx_word' id='word_1_240' title='bbox 954 3357 1119 3443; x_wconf 77' lang='lat' dir='ltr'><strong>majorum</strong></span> <span class='ocrx_word' id='word_1_241' title='bbox 1148 3361 1292 3440; x_wconf 67' lang='lat' dir='ltr'><strong>gentium</strong></span> 
     </span>
     <span class='ocr_line' id='line_1_31' title="bbox 199 3455 1292 3545; baseline 0.004 -23"><span class='ocrx_word' id='word_1_242' title='bbox 199 3461 330 3522; x_wconf 84' lang='lat' dir='ltr'><strong>versent</strong></span> <span class='ocrx_word' id='word_1_243' title='bbox 343 3455 488 3540; x_wconf 67' lang='lat' dir='ltr'><strong>Poetae,</strong></span> <span class='ocrx_word' id='word_1_244' title='bbox 509 3457 569 3524; x_wconf 86' lang='lat' dir='ltr'><strong>sed</strong></span> <span class='ocrx_word' id='word_1_245' title='bbox 589 3476 679 3539; x_wconf 89' lang='lat' dir='ltr'><strong>suos,</strong></span> <span class='ocrx_word' id='word_1_246' title='bbox 694 3466 732 3525; x_wconf 91' lang='lat' dir='ltr'><strong>nt</strong></span> <span class='ocrx_word' id='word_1_247' title='bbox 754 3459 907 3545; x_wconf 86' lang='lat' dir='ltr'><strong>ejusdem</strong></span> <span class='ocrx_word' id='word_1_248' title='bbox 930 3459 1057 3526; x_wconf 76' lang='lat' dir='ltr'><strong>Arbitri</strong></span> <span class='ocrx_word' id='word_1_249' title='bbox 1074 3461 1184 3526; x_wconf 80' lang='lat' dir='ltr'><strong>verbis</strong></span> <span class='ocrx_word' id='word_1_250' title='bbox 1206 3467 1292 3540; x_wconf 79' lang='lat' dir='ltr'><strong>utar,</strong></span> 
     </span>
     <span class='ocr_line' id='line_1_32' title="bbox 198 3559 1294 3644; baseline 0.005 -22"><span class='ocrx_word' id='word_1_251' title='bbox 198 3559 395 3642; x_wconf 87' lang='lat' dir='ltr'><strong>utquisque</strong></span> <span class='ocrx_word' id='word_1_252' title='bbox 409 3577 541 3625; x_wconf 87' lang='lat' dir='ltr'><strong>versum</strong></span> <span class='ocrx_word' id='word_1_253' title='bbox 556 3559 702 3642; x_wconf 87' lang='lat' dir='ltr'><strong>pedibus</strong></span> <span class='ocrx_word' id='word_1_254' title='bbox 725 3561 895 3640; x_wconf 79' lang='lat' dir='ltr'><strong>instruxit,</strong></span> <span class='ocrx_word' id='word_1_255' title='bbox 910 3579 1111 3644; x_wconf 85' lang='lat' dir='ltr'><strong>sensumque</strong></span> <span class='ocrx_word' id='word_1_256' title='bbox 1133 3565 1294 3628; x_wconf 85' lang='lat' dir='ltr'><strong>teneriore</strong></span> 
     </span>
     <span class='ocr_line' id='line_1_33' title="bbox 198 3659 1294 3746; baseline 0.005 -23"><span class='ocrx_word' id='word_1_257' title='bbox 198 3659 376 3726; x_wconf 86' lang='lat' dir='ltr'><strong>verborum</strong></span> <span class='ocrx_word' id='word_1_258' title='bbox 398 3661 523 3726; x_wconf 85' lang='lat' dir='ltr'><strong>ambitu</strong></span> <span class='ocrx_word' id='word_1_259' title='bbox 545 3661 701 3741; x_wconf 87' lang='lat' dir='ltr'><strong>intexuit,</strong></span> <span class='ocrx_word' id='word_1_260' title='bbox 716 3668 837 3746; x_wconf 83' lang='lat' dir='ltr'><strong>putant</strong></span> <span class='ocrx_word' id='word_1_261' title='bbox 851 3663 1010 3729; x_wconf 91' lang='lat' dir='ltr'><strong>continno</strong></span> <span class='ocrx_word' id='word_1_262' title='bbox 1033 3664 1068 3729; x_wconf 91' lang='lat' dir='ltr'><strong>in</strong></span> <span class='ocrx_word' id='word_1_263' title='bbox 1091 3663 1294 3729; x_wconf 86' lang='lat' dir='ltr'><strong>Heliconem</strong></span> 
     </span>
     <span class='ocr_line' id='line_1_34' title="bbox 198 3760 1292 3850; baseline 0.005 -26"><span class='ocrx_word' id='word_1_264' title='bbox 198 3760 350 3828; x_wconf 83' lang='lat' dir='ltr'><strong>venisse:</strong></span> <span class='ocrx_word' id='word_1_265' title='bbox 383 3766 419 3828; x_wconf 85' lang='lat' dir='ltr'><strong>et</strong></span> <span class='ocrx_word' id='word_1_266' title='bbox 438 3761 555 3848; x_wconf 89' lang='lat' dir='ltr'><strong>quidni</strong></span> <span class='ocrx_word' id='word_1_267' title='bbox 583 3763 754 3830; x_wconf 80' lang='lat' dir='ltr'><strong>vener-inti</strong></span> <span class='ocrx_word' id='word_1_268' title='bbox 785 3764 921 3850; x_wconf 88' lang='lat' dir='ltr'><strong>qnando</strong></span> <span class='ocrx_word' id='word_1_269' title='bbox 951 3765 1036 3849; x_wconf 88' lang='lat' dir='ltr'><strong>ipsis</strong></span> <span class='ocrx_word' id='word_1_270' title='bbox 1059 3765 1292 3850; x_wconf 77' lang='lat' dir='ltr'><strong>predngognlis</strong></span> 
     </span>
    </p>
   </div>
   <div class='ocr_carea' id='block_1_3' title="bbox 693 3957 799 4012">
    <p class='ocr_par' dir='ltr' id='par_1_3' title="bbox 693 3957 799 4012">
     <span class='ocr_line' id='line_1_35' title="bbox 693 3957 799 4012; baseline 0.019 -2"><span class='ocrx_word' id='word_1_271' title='bbox 693 3957 799 4012; x_wconf 73' lang='lat' dir='ltr'><strong>NUl&#39;AE</strong></span> 
     </span>
    </p>
   </div>
   <div class='ocr_carea' id='block_1_4' title="bbox 202 4068 1295 4289">
    <p class='ocr_par' dir='ltr' id='par_1_4' title="bbox 202 4068 1295 4289">
     <span class='ocr_line' id='line_1_36' title="bbox 233 4068 1295 4140; baseline 0.003 -17"><span class='ocrx_word' id='word_1_272' title='bbox 233 4071 371 4136; x_wconf 74' lang='lat' dir='ltr'><strong>4&#39;Areto,</strong></span> <span class='ocrx_word' id='word_1_273' title='bbox 385 4069 439 4136; x_wconf 72' lang='lat' dir='ltr'><strong>lfa]</strong></span> <span class='ocrx_word' id='word_1_274' title='bbox 471 4068 541 4122; x_wconf 83' lang='lat' dir='ltr'><strong>Plln.</strong></span> <span class='ocrx_word' id='word_1_275' title='bbox 567 4071 630 4124; x_wconf 74' lang='lat' dir='ltr'><strong>Not.</strong></span> <span class='ocrx_word' id='word_1_276' title='bbox 655 4071 727 4124; x_wconf 71' lang='lat' dir='ltr'><strong>illst.</strong></span> <span class='ocrx_word' id='word_1_277' title='bbox 798 4079 815 4125; x_wconf 83' lang='lat' dir='ltr'><strong>e</strong></span> <span class='ocrx_word' id='word_1_278' title='bbox 838 4073 939 4136; x_wconf 68' lang='lat' dir='ltr'><strong>Sem,</strong></span> <span class='ocrx_word' id='word_1_279' title='bbox 958 4071 1010 4137; x_wconf 70' lang='lat' dir='ltr'><strong>tre]</strong></span> <span class='ocrx_word' id='word_1_280' title='bbox 1037 4073 1079 4124; x_wconf 87' lang='lat' dir='ltr'><strong>De</strong></span> <span class='ocrx_word' id='word_1_281' title='bbox 1107 4072 1295 4140; x_wconf 77' lang='lat' dir='ltr'><strong>trauqolltitrte</strong></span> 
     </span>
     <span class='ocr_line' id='line_1_37' title="bbox 202 4147 963 4216; baseline 0.003 -18"><span class='ocrx_word' id='word_1_282' title='bbox 202 4147 675 4212; x_wconf 71' lang='lat' dir='ltr'><strong>ltux.eap.so.etttb.xr.cep.er.</strong></span> <span class='ocrx_word' id='word_1_283' title='bbox 768 4149 963 4216; x_wconf 74' lang='lat' dir='ltr'><strong>enimimple.</strong></span> 
     </span>
     <span class='ocr_line' id='line_1_38' title="bbox 235 4223 712 4289; baseline 0.013 -20"><span class='ocrx_word' id='word_1_284' title='bbox 235 4229 249 4269; x_wconf 75' lang='grc' dir='ltr'><strong><em>ε</em></strong></span> <span class='ocrx_word' id='word_1_285' title='bbox 266 4223 374 4287; x_wconf 68' lang='lat' dir='ltr'><strong>titinio,</strong></span> <span class='ocrx_word' id='word_1_286' title='bbox 383 4223 437 4288; x_wconf 57' lang='lat' dir='ltr'><strong>tu]</strong></span> <span class='ocrx_word' id='word_1_287' title='bbox 454 4223 511 4276; x_wconf 80' lang='lat' dir='ltr'><strong>Lib.</strong></span> <span class='ocrx_word' id='word_1_288' title='bbox 522 4237 567 4276; x_wconf 81' lang='grc' dir='ltr'><strong>ιιι.</strong></span> <span class='ocrx_word' id='word_1_289' title='bbox 578 4223 662 4289; x_wconf 79' lang='lat' dir='ltr'><strong>Epist.</strong></span> <span class='ocrx_word' id='word_1_290' title='bbox 673 4228 712 4275; x_wconf 77' lang='lat' dir='ltr'><strong>rt.</strong></span> 
     </span>
    </p>
   </div>
   <div class='ocr_carea' id='block_1_5' title="bbox 0 0 1538 4902">
    <p class='ocr_par' dir='ltr' id='par_1_5' title="bbox 0 0 1538 4902">
     <span class='ocr_line' id='line_1_39' title="bbox 0 0 1538 4902; baseline 0 0"><span class='ocrx_word' id='word_1_291' title='bbox 0 0 1538 4902; x_wconf 95' lang='lat' dir='ltr'><strong> </strong></span> 
     </span>
    </p>
   </div>
  </div>
 </body>
</html>
