3034 4902
446 433 982 484 rusuruouransuanmaun.
1107 405 1110 412 ’
1216 419 1259 485 21

170 573 403 640 titillationem.
449 576 564 642 Nihilo
579 585 690 641 tamen
705 578 813 641 miuus
837 578 893 654 iis,
918 595 985 640 nou
1002 593 1113 659 pauca
1125 575 1258 658 quidem

170 676 422 755 animadvertas,
433 697 510 761 quae
524 678 626 760 digna
638 697 774 761 prorsus
789 685 865 744 suut
879 679 998 743 facetis
1010 697 1051 742 ac
1066 679 1259 760 temperatis

170 777 332 858 ingeniis:
354 779 580 862 retineantque
603 764 757 845 decorum
779 781 873 858 illud,
887 781 978 864 quod
993 781 1128 845 virtutis
1149 779 1258 863 hujus,

171 875 212 940 de
226 895 293 960 qua
306 880 532 963 praecipimus,
544 880 689 946 maxime
703 885 755 946 est
767 883 947 964 proprium.

254 1026 278 1091 J
280 1025 366 1091 nlius
382 1026 497 1092 cesar
512 1028 673 1111 Scaliger,
688 1027 848 1094 Po'dtices
863 1029 923 1095 lib.
940 1047 996 1097 ιιι.
1012 1049 1087 1116 cap.
1102 1030 1176 1096 126.

212 1173 470 1258 Epigrammatis
495 1177 636 1244 virtutes
660 1179 857 1262 peculiares,
879 1181 1028 1246 brevitas
1050 1187 1084 1246 ct
1111 1181 1258 1263 argutia;

170 1274 253 1340 hanc
268 1275 421 1342 Catullus
442 1298 509 1344 uon
537 1299 667 1363 semper
680 1287 733 1345 est
746 1288 931 1348 assecutus.
970 1283 1134 1348 Martialis
1153 1281 1261 1346 Poeta

171 1377 397 1460 argutissimus
411 1399 578 1465 nusquam
591 1383 714 1448 omisit.
1054 1375 1059 1384 ’

564 1565 567 1570 ’
592 1562 690 1628 Idem
703 1563 762 1630 lib.
779 1581 830 1630 vt.

212 1690 267 1756 Ne
282 1691 471 1760 Martialem
485 1697 621 1782 quidem
634 1700 805 1765 transferre
819 1701 900 1767 libet
912 1701 956 1766 ad
970 1700 1116 1765 meliore.
1150 1697 1261 1763 Multa

172 1797 247 1858 suut
260 1792 337 1877 ojus
346 1795 595 1880 Epigrammata
606 1799 735 1882 divina3
759 1801 924 1885 inquibus
939 1810 974 1867 et
987 1802 1148 1867 sermonis
1162 1801 1262 1865 casti·

170 1897 236 1970 tas,
250 1901 283 1958 et
294 1899 475 1977 argumenti
489 1899 625 1982 species
641 1899 809 1966 luculenta
823 1907 884 1967 est.
926 1901 1056 1968 Versus
1080 1921 1160 1968 voro
1184 1919 1260 1965 cau-

171 1993 254 2073 didi,
262 1999 442 2076 numerosi,
448 2000 552 2082 ploni,
566 2001 709 2087 donique
723 2004 856 2088 optimi.
881 2002 960 2068 Alia
968 2003 1062 2070 soeda
1074 2022 1116 2068 ne
1129 2001 1260 2086 legerim

171 2095 315 2178 quidem,
326 2105 455 2166 mutum
470 2101 564 2167 abest
577 2110 616 2168 ut
630 2103 675 2169 ad
688 2124 861 2170 censuram
875 2125 1003 2172 vocem.

299 2259 466 2327 Adrianus
478 2263 666 2343 Turnebus,
684 2263 826 2334 Advers.
838 2266 896 2330 lib.
913 2283 996 2332 νιιι.
1010 2284 1086 2350 cap.
1100 2267 1133 2330 4.

214 2392 307 2472 Quid
322 2403 414 2460 vetat
436 2396 594 2480 attingere
616 2395 825 2461 festivissimi
841 2396 959 2462 Poste
974 2395 1143 2462 Martialis
1156 2394 1260 2471 lusus,

172 2500 275 2578 atque
299 2497 334 2560 in
355 2497 408 2560 his
422 2515 558 2580 operam
578 2495 714 2561 luderet
762 2495 841 2561 Non
857 2515 986 2582 semper
1008 2495 1189 2580 supercilia
1203 2493 1261 2558 ad·

171 2593 322 2662 lucenda
335 2603 420 2664 sunt.

502 2771 600 2838 Idem
613 2772 675 2838 lib.
693 2789 778 2839 xm.
794 2792 872 2858 cap.
887 2775 940 2850 19.

214 2907 300 2972 Cum
315 2925 336 2971 a
350 2905 561 2990 lepidissimo
585 2905 706 2984 Pobta,
726 2925 789 2970 nco
811 2907 899 2970 enim
920 2905 988 2970 illis
1014 2904 1188 2981 assentior,
1203 2905 1263 2988 qui

173 3027 323 3074 scurram
335 3010 484 3092 ineptum
497 3027 574 3072 eum
587 3007 768 3090 appellant,
782 3025 892 3090 nequa
907 3007 990 3072 satis
1004 3007 1151 3088 elegante
1162 3003 1264 3068 Musa

172 3111 275 3175 libros
300 3107 585 3192 Epigrammatum
603 3107 778 3191 scripsisse
798 3113 980 3185 autumant,
995 3107 1051 3171 lib.
1068 3121 1125 3170 ιιι.
1150 3103 1262 3188 Epigr.

172 3210 227 3276 93.
241 3209 395 3275 canitur:
1158 3231 1159 3235 =

369 3309 535 3376 Admittat
548 3311 632 3375 inter
644 3310 834 3376 bustuarias
848 3310 1007 3386 moeobas,
1021 3312 1082 3376 tto.

385 3477 507 3542 Iustus
522 3477 669 3563 Lipsius,
684 3479 726 3542 do
739 3477 892 3561 Amphit.
906 3496 982 3562 cap.
997 3477 1050 3540 15.

217 3611 476 3694 Designatorum
490 3611 601 3680 tacete
617 3631 712 3695 saepe
733 3612 883 3676 meminit
905 3615 1026 3674 auctus
1048 3613 1084 3673 ot
1107 3605 1264 3690 capitalis

174 3712 229 3777 illo
244 3711 432 3795 Hispanus.

226 3886 320 3952 Idam
334 3885 378 3950 ad
392 3884 515 3950 lanum
530 3861 735 3964 Lernutidm,
752 3903 775 3949 ι.
793 3857 898 3968 Epist.
914 3882 1046 3962 Quaest.
1061 3881 1168 3967 Epist.
1179 3885 1212 3948 6.

217 4017 309 4097 Quid
324 4019 515 4084 oeusestui
538 4038 603 4083 nou
618 4019 736 4084 melius
760 4017 801 4082 do
825 4017 985 4083 Martiale
1009 4015 1159 4099 Scaliger
1173 4012 1264 4099 judi·

175 4120 275 4196 cavit,
299 4119 359 4201 qui
380 4135 497 4182 vorsus
518 4118 593 4202 ejus
617 4117 792 4196 candidos,
813 4135 1019 4194 numerosos,
1035 4117 1162 4200 plenos,
1185 4111 1267 4197 Epi-

176 4223 358 4301 grammata
371 4218 478 4282 multa
498 4217 614 4284 divina
637 4219 738 4284 dicit:
760 4238 861 4302 quam
884 4217 953 4296 illc,
969 4218 1037 4300 qui'
1056 4233 1202 4280 scurram
1222 4213 1265 4278 de
