3034 4902
593 455 643 503 sn
669 453 868 503 nncroaus.
1258 445 1281 509 5

180 597 330 664 ‘Fausto
344 617 466 684 precor
480 593 610 680 gelida’
626 605 722 662 sonet
736 597 839 664 altius
854 615 957 682 quam
973 598 1097 665 ‘Arma
1108 599 1280 686 virumque

181 699 288 780 cano,'
301 707 335 766 et
348 701 496 785 Elegiaci
511 717 626 765 omnes
640 699 796 764 sordeant
817 700 848 764 si
869 699 1078 766 conterantur
1091 706 1193 768 cnm‘
1210 701 1280 781 Qui

182 803 263 867 milri
277 801 486 888 discipulns’
540 800 610 868 Sed
635 801 721 866 uude
741 801 827 881 hec,
842 821 971 885 queso,
986 809 1100 876 vestra
1130 807 1278 886 gravitas

183 910 285 983 tanta,
301 903 478 990 sapientia,
494 911 531 969 et
547 904 735 985 sauctitae3
757 903 860 968 immo
873 904 1017 989 pigritia,
1033 907 1232 988 arrogantia,
1246 913 1283 972 et

184 1005 402 1072 sinisteritasl
424 1003 554 1084 Poiitsc,
579 1004 670 1088 quod
692 1005 913 1088 praetenditis,
935 1005 1067 1070 obscuri
1081 1013 1171 1072 suut.
1216 1007 1283 1071 Sed

183 1105 296 1172 videte
309 1127 351 1173 ue
365 1107 430 1172 hoc
443 1107 562 1172 vitium
584 1125 607 1171 a
625 1107 722 1173 vobis
741 1106 799 1184 sit,
821 1107 881 1191 qui
902 1125 967 1172 non
986 1105 1126 1172 assidua
1139 1106 1282 1172 lectione

184 1207 320 1274 redditis
332 1229 393 1274 eos
404 1210 513 1294 magis
528 1209 720 1274 familiares.
755 1207 849 1287 Quin
862 1215 896 1274 et
905 1213 1182 1273 commentatores
1197 1211 1281 1276 satir

173 1309 343 1376 luculenti
365 1310 476 1376 facem
497 1309 690 1396 prmlerunt:
712 1327 852 1392 quornm
874 1309 1012 1374 taedium
1030 1309 1060 1374 si
1074 1309 1129 1374 vel
1144 1310 1283 1376 delicati

184 1410 267 1475 lerre
281 1429 351 1476 non
364 1411 518 1496 potestis,
535 1411 587 1476 vel
612 1409 656 1475 ad
676 1411 829 1494 gravima
849 1411 932 1475 forte
957 1411 1071 1476 studia
1092 1411 1282 1495 properatis

185 1513 297 1596 potius
324 1531 428 1596 qaam
448 1511 637 1592 maturatis,
660 1531 702 1578 en
730 1512 830 1578 vobis
853 1527 971 1576 sensas
993 1511 1172 1577 medullam
1191 1521 1282 1578 uotae

110 1631 116 1642 ’
184 1611 427 1695 admarginales
455 1617 632 1698 praestant.
676 1607 745 1678 Sed
773 1611 903 1678 inutilis
930 1618 997 1691 est,
1023 1619 1063 1677 ut
1086 1615 1282 1691 causamini,

185 1733 299 1778 eorum
313 1715 425 1791 lectio,
438 1723 486 1793 et,
501 1713 592 1798 quod
613 1713 701 1778 dixit
721 1714 842 1793 Zeno,⁷
858 1713 901 1778 ed
918 1715 1166 1798 perceptionem
1180 1713 1284 1780 disci·

187 1813 352 1897 plinarum
374 1815 459 1880 nillil
482 1813 625 1882 adonius
640 1813 796 1880 Poetica.
841 1811 951 1879 Vobis
974 1831 1051 1896 quse
1073 1833 1137 1878 non
1158 1813 1283 1896 legitis,

187 1933 231 1978 an
245 1915 433 2000 expectatis
447 1917 522 1981 usui
538 1933 613 1980 esse
628 1914 755 1998 posset
779 1913 912 1980 Discite
934 1913 1014 1999 qaid
1027 1913 1136 1980 dicere
1152 1915 1283 1980 Plinius

188 2015 308 2080 solitus
321 2017 378 2096 sit,
393 2015 556 2082 referente
569 2021 693 2100 nepote
708 2033 771 2080 suo
781 2014 803 2080 :⁸
826 2013 968 2080 Nullum
988 2033 1065 2080 esse
1081 2013 1199 2080 libram
1215 2023 1284 2081 tam

187 2115 324 2196 malam,
339 2125 379 2184 ut
398 2138 465 2184 non
488 2118 604 2202 aliqua
617 2137 662 2182 ex
682 2122 778 2201 parte
795 2115 977 2200 prodesset.
1020 2113 1074 2181 Ac
1089 2135 1131 2180 ue
1142 2116 1285 2182 virtutes

188 2225 222 2281 et
244 2219 407 2286 utilitates
432 2219 586 2286 Politice
610 2239 710 2303 cogar
734 2219 770 2286 in
794 2218 859 2283 hoc
889 2227 1084 2284 transcursu
1106 2216 1285 2282 licentioris

189 2339 289 2404 quam
302 2321 505 2386 institueram
517 2319 726 2405 praedationis
737 2337 920 2398 recensere,
932 2319 975 2384 D.
988 2317 1176 2402 Augustino
1188 2319 1286 2384 vobis

188 2427 334 2501 auctore,
348 2423 495 2506 colligite
518 2440 741 2508 quaecumque
763 2423 807 2486 ab
833 2421 981 2486 liduicis
1004 2422 1129 2506 scripta
1151 2431 1238 2498 sunt,
1253 2427 1287 2485 et

190 2525 224 2588 in
250 2543 347 2590 nsum
376 2531 525 2590 vestrum
550 2523 741 2602 'vindicata
771 2525 1025 2606 possessoribus
1056 2521 1125 2587 illis
1152 2521 1287 2606 injustis

189 2631 312 2709 crepa.
337 2623 385 2691 At
398 2645 442 2691 ex
453 2625 574 2691 Potitia
586 2625 747 2711 plerique,
756 2625 834 2690 dnm
846 2625 966 2690 tetrica
975 2626 1093 2689 volunt
1106 2641 1287 2700 amoenare,

191 2728 368 2791 verborum
387 2727 535 2792 nuditate
550 2735 651 2811 atque
673 2745 778 2792 rerum
799 2725 1022 2791 obscoenitate
1044 2725 1173 2790 aunum
1195 2743 1286 2789 reve·

190 2829 328 2893 rentiam
341 2829 515 2906 incestant,
529 2828 631 2892 animi
643 2845 756 2893 mores
771 2813 993 2911 corrumpunt
1020 2825 1148 2904 Nolite,
1158 2843 1286 2908 quseso,

191 2929 280 3014 loqui
294 2930 431 3014 perinde
446 2949 489 2994 ac
505 2930 577 2994 siin
591 2927 743 2993 Platonis
759 2927 958 3011 Republica,
969 2931 1029 2992 aut
1041 2943 1114 2990 cnm
1128 2925 1288 3008 perfectis

192 3028 381 3094 hominibus
401 3031 586 3096 vivmetur:
617 3030 716 3114 quasi
738 3047 817 3095 vero
843 3028 938 3092 detur
960 3028 1126 3091 sincerum
1148 3025 1287 3109 aliquid,

193 3131 262 3195 sine
275 3131 356 3197 mali
370 3131 571 3196 admistione
586 3149 720 3215 parurn,
734 3134 769 3194 et
783 3130 826 3194 ab
841 3129 933 3194 omni
948 3134 1078 3194 terrena
1090 3127 1175 3193 saece
1189 3125 1288 3212 qnasi

191 3229 305 3296 divino
318 3233 394 3314 igue
404 3238 593 3297 excoctum.
622 3229 764 3308 Profert,
772 3229 906 3295 habetis
916 3231 1002 3294 enirn
1013 3230 1170 3294 fatentem
1183 3247 1288 3305 rcum,

193 3331 265 3396 irasc
282 3333 454 3416 AEgyptus
468 3332 576 3396 noxia
590 3329 707 3408 multa,
723 3337 759 3394 et
772 3331 878 3396 multa
891 3331 1040 3396 salabria
1053 3330 1172 3396 cultori
1186 3329 1289 3394 medi·

195 3441 385 3514 amenus
404 3433 507 3498 habet
521 3433 594 3498 hmo
609 3429 726 3498 Attica
738 3437 774 3497 nt
792 3432 858 3498 mel
881 3434 1056 3516 optimum,
1071 3433 1120 3496 ita
1141 3430 1289 3496 cicutam

194 3536 343 3601 letalem:
364 3543 399 3602 et
416 3536 453 3600 in
473 3553 608 3601 amoeno
623 3533 686 3598 hoo
704 3541 804 3618 prato
818 3534 938 3599 urticis
952 3551 1046 3616 saepe
1059 3532 1169 3610 violae,
1184 3532 1290 3615 spinis

193 3655 279 3703 roem
308 3639 586 3708 internoscantur.
641 3635 719 3701 Vos
749 3655 848 3719 apum
878 3653 971 3700 more
999 3635 1114 3699 omnia
1140 3635 1288 3710 lustrate,

195 3739 324 3820 optima
342 3737 458 3803 libate.
503 3738 625 3822 Neque
650 3737 749 3814 enim,
779 3737 809 3801 si
836 3737 912 3820 quis
935 3737 1069 3818 ingenio
1094 3737 1181 3800 bono
1203 3733 1291 3799 male

195 3843 314 3918 utatur,
330 3839 476 3922 velitque
498 3856 557 3921 per
579 3836 808 3902 curiositatem
839 3856 914 3904 esse
940 3838 1110 3923 ingeniose
1127 3855 1290 3936 nequam,

693 4035 801 4090 NOTAE

226 4157 243 4202 7
260 4148 395 4214 ΖΜΝ
415 4147 495 4214 Diog.
505 4147 623 4200 hirtius
633 4149 666 4200 de
679 4145 723 4200 Vl·
795 4147 1019 4214 sAEgypteatfa]
1036 4147 1231 4200 Plutarclrnrde
1241 4147 1293 4198 Aa·

194 4231 229 4282 tls
239 4227 339 4278 mars.
350 4227 397 4276 llb.
408 4239 461 4276 ιιι.
765 4224 866 4277 diendls
877 4223 1011 4278 Poitisex
1024 4221 1103 4276 iiam.
1115 4221 1166 4272 Οὐ.
1177 4229 1206 4275 Α,

227 4309 244 4354 8
262 4303 396 4364 Relmsts,
406 4303 458 4370 ta]
477 4301 534 4356 Hb.
548 4314 593 4354 ιιι.
605 4301 688 4370 Epist.
700 4307 724 4356 d·
