<?xml version="1.0" encoding="UTF-8"?>
<!DOCTYPE html PUBLIC "-//W3C//DTD XHTML 1.0 Transitional//EN"
    "http://www.w3.org/TR/xhtml1/DTD/xhtml1-transitional.dtd">
<html xmlns="http://www.w3.org/1999/xhtml" xml:lang="en" lang="en">
 <head>
  <title>
</title>
<meta http-equiv="Content-Type" content="text/html;charset=utf-8" />
  <meta name='ocr-system' content='tesseract 3.04.00' />
  <meta name='ocr-capabilities' content='ocr_page ocr_carea ocr_par ocr_line ocrx_word'/>
</head>
<body>
  <div class='ocr_page' id='page_1' title='image "./marcivaleriimar04martgoog_0021.png"; bbox 0 0 3034 4902; ppageno 0'>
   <div class='ocr_carea' id='block_1_1' title="bbox 241 395 980 463">
    <p class='ocr_par' dir='ltr' id='par_1_1' title="bbox 241 395 980 463">
     <span class='ocr_line' id='line_1_1' title="bbox 241 395 980 463; baseline 0.001 -2"><span class='ocrx_word' id='word_1_1' title='bbox 241 395 284 462; x_wconf 90' lang='grc'><strong>10</strong></span> <span class='ocrx_word' id='word_1_2' title='bbox 602 409 639 462; x_wconf 85' lang='lat' dir='ltr'><strong>n.</strong></span> <span class='ocrx_word' id='word_1_3' title='bbox 663 409 748 462; x_wconf 79' lang='lat' dir='ltr'><strong>vra.</strong></span> <span class='ocrx_word' id='word_1_4' title='bbox 772 407 980 463; x_wconf 76' lang='lat' dir='ltr'><strong>nancraurs</strong></span> 
     </span>
    </p>
   </div>
   <div class='ocr_carea' id='block_1_2' title="bbox 234 549 1338 2044">
    <p class='ocr_par' dir='ltr' id='par_1_2' title="bbox 234 549 1338 2044">
     <span class='ocr_line' id='line_1_2' title="bbox 240 549 1337 636; baseline -0.002 -18"><span class='ocrx_word' id='word_1_5' title='bbox 240 553 304 618; x_wconf 86' lang='lat' dir='ltr'><strong>sub</strong></span> <span class='ocrx_word' id='word_1_6' title='bbox 319 551 418 618; x_wconf 89' lang='lat' dir='ltr'><strong>titulo</strong></span> <span class='ocrx_word' id='word_1_7' title='bbox 432 551 475 618; x_wconf 88' lang='lat' dir='ltr'><strong>do</strong></span> <span class='ocrx_word' id='word_1_8' title='bbox 496 557 587 619; x_wconf 88' lang='lat' dir='ltr'><strong>statu</strong></span> <span class='ocrx_word' id='word_1_9' title='bbox 607 553 777 618; x_wconf 88' lang='lat' dir='ltr'><strong>hominnm</strong></span> <span class='ocrx_word' id='word_1_10' title='bbox 797 553 945 630; x_wconf 88' lang='lat' dir='ltr'><strong>refertur,</strong></span> <span class='ocrx_word' id='word_1_11' title='bbox 969 571 1037 636; x_wconf 90' lang='lat' dir='ltr'><strong>qua</strong></span> <span class='ocrx_word' id='word_1_12' title='bbox 1059 567 1174 620; x_wconf 83' lang='lat' dir='ltr'><strong>omncs</strong></span> <span class='ocrx_word' id='word_1_13' title='bbox 1189 571 1261 630; x_wconf 88' lang='lat' dir='ltr'><strong>cos,</strong></span> <span class='ocrx_word' id='word_1_14' title='bbox 1277 549 1337 636; x_wconf 82' lang='lat' dir='ltr'><strong>qni</strong></span> 
     </span>
     <span class='ocr_line' id='line_1_3' title="bbox 239 653 1338 738; baseline 0 -20"><span class='ocrx_word' id='word_1_15' title='bbox 239 655 275 718; x_wconf 91' lang='lat' dir='ltr'><strong>in</strong></span> <span class='ocrx_word' id='word_1_16' title='bbox 289 655 369 719; x_wconf 88' lang='lat' dir='ltr'><strong>urbe</strong></span> <span class='ocrx_word' id='word_1_17' title='bbox 383 653 541 719; x_wconf 87' lang='lat' dir='ltr'><strong>Romana</strong></span> <span class='ocrx_word' id='word_1_18' title='bbox 559 659 681 731; x_wconf 81' lang='lat' dir='ltr'><strong>essent,</strong></span> <span class='ocrx_word' id='word_1_19' title='bbox 706 653 798 718; x_wconf 87' lang='lat' dir='ltr'><strong>circs</strong></span> <span class='ocrx_word' id='word_1_20' title='bbox 820 673 897 718; x_wconf 87' lang='lat' dir='ltr'><strong>esse</strong></span> <span class='ocrx_word' id='word_1_21' title='bbox 918 654 1045 734; x_wconf 84' lang='lat' dir='ltr'><strong>voluit;</strong></span> <span class='ocrx_word' id='word_1_22' title='bbox 1067 658 1136 718; x_wconf 91' lang='lat' dir='ltr'><strong>tum</strong></span> <span class='ocrx_word' id='word_1_23' title='bbox 1151 673 1211 738; x_wconf 90' lang='lat' dir='ltr'><strong>pro</strong></span> <span class='ocrx_word' id='word_1_24' title='bbox 1226 653 1338 737; x_wconf 87' lang='lat' dir='ltr'><strong>cujus·</strong></span> 
     </span>
     <span class='ocr_line' id='line_1_4' title="bbox 239 753 1336 839; baseline -0.002 -19"><span class='ocrx_word' id='word_1_25' title='bbox 239 774 382 839; x_wconf 87' lang='lat' dir='ltr'><strong>cumque</strong></span> <span class='ocrx_word' id='word_1_26' title='bbox 397 755 534 820; x_wconf 87' lang='lat' dir='ltr'><strong>arbitrio</strong></span> <span class='ocrx_word' id='word_1_27' title='bbox 548 755 684 820; x_wconf 86' lang='lat' dir='ltr'><strong>nomina</strong></span> <span class='ocrx_word' id='word_1_28' title='bbox 693 760 817 831; x_wconf 85' lang='lat' dir='ltr'><strong>sumta,</strong></span> <span class='ocrx_word' id='word_1_29' title='bbox 829 759 888 819; x_wconf 90' lang='lat' dir='ltr'><strong>aut</strong></span> <span class='ocrx_word' id='word_1_30' title='bbox 900 754 1183 820; x_wconf 89' lang='lat' dir='ltr'><strong>nobilissimarum</strong></span> <span class='ocrx_word' id='word_1_31' title='bbox 1191 753 1336 820; x_wconf 87' lang='lat' dir='ltr'><strong>familia-</strong></span> 
     </span>
     <span class='ocr_line' id='line_1_5' title="bbox 237 856 1335 940; baseline 0 -20"><span class='ocrx_word' id='word_1_32' title='bbox 237 875 321 934; x_wconf 90' lang='lat' dir='ltr'><strong>rum,</strong></span> <span class='ocrx_word' id='word_1_33' title='bbox 336 875 414 940; x_wconf 85' lang='lat' dir='ltr'><strong>quan</strong></span> <span class='ocrx_word' id='word_1_34' title='bbox 424 856 497 940; x_wconf 89' lang='lat' dir='ltr'><strong>jam</strong></span> <span class='ocrx_word' id='word_1_35' title='bbox 518 856 719 934; x_wconf 87' lang='lat' dir='ltr'><strong>defecerant,</strong></span> <span class='ocrx_word' id='word_1_36' title='bbox 735 862 796 921; x_wconf 89' lang='lat' dir='ltr'><strong>aut</strong></span> <span class='ocrx_word' id='word_1_37' title='bbox 808 875 897 922; x_wconf 84' lang='lat' dir='ltr'><strong>nova</strong></span> <span class='ocrx_word' id='word_1_38' title='bbox 914 856 1117 939; x_wconf 82' lang='lat' dir='ltr'><strong>excogitata,</strong></span> <span class='ocrx_word' id='word_1_39' title='bbox 1139 861 1251 920; x_wconf 84' lang='lat' dir='ltr'><strong>vetars</strong></span> <span class='ocrx_word' id='word_1_40' title='bbox 1272 873 1335 920; x_wconf 87' lang='lat' dir='ltr'><strong>vo·</strong></span> 
     </span>
     <span class='ocr_line' id='line_1_6' title="bbox 237 955 1335 1042; baseline 0 -20"><span class='ocrx_word' id='word_1_41' title='bbox 237 955 337 1022; x_wconf 88' lang='lat' dir='ltr'><strong>candi</strong></span> <span class='ocrx_word' id='word_1_42' title='bbox 350 957 600 1036; x_wconf 87' lang='lat' dir='ltr'><strong>consuetudins,</strong></span> <span class='ocrx_word' id='word_1_43' title='bbox 615 977 692 1042; x_wconf 73' lang='lat' dir='ltr'><strong>quaa</strong></span> <span class='ocrx_word' id='word_1_44' title='bbox 708 958 753 1023; x_wconf 91' lang='lat' dir='ltr'><strong>ad</strong></span> <span class='ocrx_word' id='word_1_45' title='bbox 765 977 808 1023; x_wconf 88' lang='lat' dir='ltr'><strong>ea</strong></span> <span class='ocrx_word' id='word_1_46' title='bbox 821 977 928 1041; x_wconf 89' lang='lat' dir='ltr'><strong>usque</strong></span> <span class='ocrx_word' id='word_1_47' title='bbox 949 966 1101 1041; x_wconf 87' lang='lat' dir='ltr'><strong>tempora</strong></span> <span class='ocrx_word' id='word_1_48' title='bbox 1114 975 1233 1040; x_wconf 86' lang='lat' dir='ltr'><strong>parum</strong></span> <span class='ocrx_word' id='word_1_49' title='bbox 1249 961 1335 1022; x_wconf 87' lang='lat' dir='ltr'><strong>carte</strong></span> 
     </span>
     <span class='ocr_line' id='line_1_7' title="bbox 236 1054 1335 1142; baseline 0 -20"><span class='ocrx_word' id='word_1_50' title='bbox 236 1055 363 1124; x_wconf 87' lang='lat' dir='ltr'><strong>violata</strong></span> <span class='ocrx_word' id='word_1_51' title='bbox 376 1057 623 1142; x_wconf 76' lang='lat' dir='ltr'><strong>perduraverat,</strong></span> <span class='ocrx_word' id='word_1_52' title='bbox 642 1057 803 1141; x_wconf 88' lang='lat' dir='ltr'><strong>paulatim</strong></span> <span class='ocrx_word' id='word_1_53' title='bbox 817 1062 937 1140; x_wconf 88' lang='lat' dir='ltr'><strong>postea</strong></span> <span class='ocrx_word' id='word_1_54' title='bbox 950 1057 1092 1121; x_wconf 79' lang='lat' dir='ltr'><strong>labante.</strong></span> <span class='ocrx_word' id='word_1_55' title='bbox 1137 1054 1226 1134; x_wconf 81' lang='lat' dir='ltr'><strong>Quae</strong></span> <span class='ocrx_word' id='word_1_56' title='bbox 1248 1075 1335 1140; x_wconf 81' lang='lat' dir='ltr'><strong>prae·</strong></span> 
     </span>
     <span class='ocr_line' id='line_1_8' title="bbox 237 1155 1335 1243; baseline 0.002 -21"><span class='ocrx_word' id='word_1_57' title='bbox 237 1157 341 1241; x_wconf 86' lang='lat' dir='ltr'><strong>cipua</strong></span> <span class='ocrx_word' id='word_1_58' title='bbox 353 1177 457 1223; x_wconf 89' lang='lat' dir='ltr'><strong>causa</strong></span> <span class='ocrx_word' id='word_1_59' title='bbox 470 1158 535 1224; x_wconf 89' lang='lat' dir='ltr'><strong>fuit</strong></span> <span class='ocrx_word' id='word_1_60' title='bbox 547 1157 658 1243; x_wconf 88' lang='lat' dir='ltr'><strong>(quod</strong></span> <span class='ocrx_word' id='word_1_61' title='bbox 678 1165 833 1241; x_wconf 89' lang='lat' dir='ltr'><strong>portento</strong></span> <span class='ocrx_word' id='word_1_62' title='bbox 857 1157 966 1224; x_wconf 90' lang='lat' dir='ltr'><strong>simile</strong></span> <span class='ocrx_word' id='word_1_63' title='bbox 987 1155 1057 1240; x_wconf 89' lang='lat' dir='ltr'><strong>est)</strong></span> <span class='ocrx_word' id='word_1_64' title='bbox 1076 1162 1114 1222; x_wconf 91' lang='lat' dir='ltr'><strong>ut</strong></span> <span class='ocrx_word' id='word_1_65' title='bbox 1137 1164 1217 1241; x_wconf 89' lang='lat' dir='ltr'><strong>post</strong></span> <span class='ocrx_word' id='word_1_66' title='bbox 1231 1155 1335 1224; x_wconf 85' lang='lat' dir='ltr'><strong>Gara-</strong></span> 
     </span>
     <span class='ocr_line' id='line_1_9' title="bbox 238 1259 1335 1345; baseline 0 -21"><span class='ocrx_word' id='word_1_67' title='bbox 238 1259 317 1324; x_wconf 89' lang='lat' dir='ltr'><strong>calli</strong></span> <span class='ocrx_word' id='word_1_68' title='bbox 339 1266 499 1345; x_wconf 81' lang='lat' dir='ltr'><strong>tempora,</strong></span> <span class='ocrx_word' id='word_1_69' title='bbox 527 1260 616 1324; x_wconf 91' lang='lat' dir='ltr'><strong>intra</strong></span> <span class='ocrx_word' id='word_1_70' title='bbox 643 1261 866 1344; x_wconf 88' lang='lat' dir='ltr'><strong>paucissimos</strong></span> <span class='ocrx_word' id='word_1_71' title='bbox 893 1279 997 1324; x_wconf 84' lang='lat' dir='ltr'><strong>annos</strong></span> <span class='ocrx_word' id='word_1_72' title='bbox 1022 1259 1139 1324; x_wconf 88' lang='lat' dir='ltr'><strong>borum</strong></span> <span class='ocrx_word' id='word_1_73' title='bbox 1166 1259 1335 1324; x_wconf 89' lang='lat' dir='ltr'><strong>nominum</strong></span> 
     </span>
     <span class='ocr_line' id='line_1_10' title="bbox 237 1359 1335 1445; baseline 0 -19"><span class='ocrx_word' id='word_1_74' title='bbox 237 1379 329 1440; x_wconf 90' lang='lat' dir='ltr'><strong>usus,</strong></span> <span class='ocrx_word' id='word_1_75' title='bbox 343 1379 403 1445; x_wconf 88' lang='lat' dir='ltr'><strong>per</strong></span> <span class='ocrx_word' id='word_1_76' title='bbox 415 1361 506 1426; x_wconf 88' lang='lat' dir='ltr'><strong>mille</strong></span> <span class='ocrx_word' id='word_1_77' title='bbox 521 1381 627 1427; x_wconf 90' lang='lat' dir='ltr'><strong>anuos</strong></span> <span class='ocrx_word' id='word_1_78' title='bbox 641 1369 872 1440; x_wconf 87' lang='lat' dir='ltr'><strong>conservatus,</strong></span> <span class='ocrx_word' id='word_1_79' title='bbox 889 1361 1024 1426; x_wconf 91' lang='lat' dir='ltr'><strong>omnino</strong></span> <span class='ocrx_word' id='word_1_80' title='bbox 1039 1359 1235 1442; x_wconf 88' lang='lat' dir='ltr'><strong>dissipatus,</strong></span> <span class='ocrx_word' id='word_1_81' title='bbox 1250 1368 1286 1424; x_wconf 87' lang='lat' dir='ltr'><strong>ct</strong></span> <span class='ocrx_word' id='word_1_82' title='bbox 1299 1359 1335 1426; x_wconf 91' lang='lat' dir='ltr'><strong>in</strong></span> 
     </span>
     <span class='ocr_line' id='line_1_11' title="bbox 236 1458 1335 1544; baseline 0.002 -20"><span class='ocrx_word' id='word_1_83' title='bbox 236 1479 327 1526; x_wconf 86' lang='lat' dir='ltr'><strong>nora</strong></span> <span class='ocrx_word' id='word_1_84' title='bbox 355 1462 525 1527; x_wconf 86' lang='lat' dir='ltr'><strong>vocabula</strong></span> <span class='ocrx_word' id='word_1_85' title='bbox 547 1461 811 1528; x_wconf 73' lang='lat' dir='ltr'><strong>transformatus.</strong></span> <span class='ocrx_word' id='word_1_86' title='bbox 855 1463 947 1527; x_wconf 90' lang='lat' dir='ltr'><strong>Nam</strong></span> <span class='ocrx_word' id='word_1_87' title='bbox 973 1459 1068 1527; x_wconf 89' lang='lat' dir='ltr'><strong>nulla</strong></span> <span class='ocrx_word' id='word_1_88' title='bbox 1090 1458 1252 1544; x_wconf 84' lang='lat' dir='ltr'><strong>deinceps</strong></span> <span class='ocrx_word' id='word_1_89' title='bbox 1275 1480 1335 1526; x_wconf 92' lang='lat' dir='ltr'><strong>no·</strong></span> 
     </span>
     <span class='ocr_line' id='line_1_12' title="bbox 234 1560 1334 1644; baseline 0.001 -18"><span class='ocrx_word' id='word_1_90' title='bbox 234 1560 347 1638; x_wconf 90' lang='lat' dir='ltr'><strong>minis,</strong></span> <span class='ocrx_word' id='word_1_91' title='bbox 372 1561 603 1644; x_wconf 84' lang='lat' dir='ltr'><strong>prasnominis,</strong></span> <span class='ocrx_word' id='word_1_92' title='bbox 631 1563 686 1628; x_wconf 86' lang='lat' dir='ltr'><strong>vol</strong></span> <span class='ocrx_word' id='word_1_93' title='bbox 716 1563 923 1644; x_wconf 84' lang='lat' dir='ltr'><strong>cognominis</strong></span> <span class='ocrx_word' id='word_1_94' title='bbox 953 1561 1127 1627; x_wconf 91' lang='lat' dir='ltr'><strong>distinctio</strong></span> <span class='ocrx_word' id='word_1_95' title='bbox 1155 1563 1334 1627; x_wconf 85' lang='lat' dir='ltr'><strong>observata</strong></span> 
     </span>
     <span class='ocr_line' id='line_1_13' title="bbox 235 1659 1333 1747; baseline 0.004 -21"><span class='ocrx_word' id='word_1_96' title='bbox 235 1667 300 1740; x_wconf 87' lang='lat' dir='ltr'><strong>est,</strong></span> <span class='ocrx_word' id='word_1_97' title='bbox 324 1659 385 1726; x_wconf 90' lang='lat' dir='ltr'><strong>scd</strong></span> <span class='ocrx_word' id='word_1_98' title='bbox 405 1663 518 1728; x_wconf 89' lang='lat' dir='ltr'><strong>omnin</strong></span> <span class='ocrx_word' id='word_1_99' title='bbox 530 1663 565 1728; x_wconf 93' lang='lat' dir='ltr'><strong>in</strong></span> <span class='ocrx_word' id='word_1_100' title='bbox 579 1662 802 1730; x_wconf 83' lang='lat' dir='ltr'><strong>foedissimam</strong></span> <span class='ocrx_word' id='word_1_101' title='bbox 817 1664 999 1730; x_wconf 87' lang='lat' dir='ltr'><strong>barbariem</strong></span> <span class='ocrx_word' id='word_1_102' title='bbox 1013 1682 1114 1728; x_wconf 88' lang='lat' dir='ltr'><strong>versa</strong></span> <span class='ocrx_word' id='word_1_103' title='bbox 1128 1663 1333 1747; x_wconf 69' lang='lat' dir='ltr'><strong>antiquitatis</strong></span> 
     </span>
     <span class='ocr_line' id='line_1_14' title="bbox 236 1762 1334 1849; baseline 0 -21"><span class='ocrx_word' id='word_1_104' title='bbox 236 1762 462 1846; x_wconf 74' lang='lat' dir='ltr'><strong>coguitionem</strong></span> <span class='ocrx_word' id='word_1_105' title='bbox 478 1764 569 1830; x_wconf 92' lang='lat' dir='ltr'><strong>omni</strong></span> <span class='ocrx_word' id='word_1_106' title='bbox 588 1784 634 1830; x_wconf 84' lang='lat' dir='ltr'><strong>ex</strong></span> <span class='ocrx_word' id='word_1_107' title='bbox 654 1771 750 1849; x_wconf 86' lang='lat' dir='ltr'><strong>parte</strong></span> <span class='ocrx_word' id='word_1_108' title='bbox 770 1764 991 1848; x_wconf 87' lang='lat' dir='ltr'><strong>perdiderunt.</strong></span> <span class='ocrx_word' id='word_1_109' title='bbox 1036 1763 1126 1832; x_wconf 84' lang='lat' dir='ltr'><strong>Haec</strong></span> <span class='ocrx_word' id='word_1_110' title='bbox 1149 1763 1334 1830; x_wconf 83' lang='lat' dir='ltr'><strong>Paurinius</strong></span> 
     </span>
     <span class='ocr_line' id='line_1_15' title="bbox 234 1863 1331 1948; baseline 0.002 -20"><span class='ocrx_word' id='word_1_111' title='bbox 234 1863 277 1928; x_wconf 90' lang='lat' dir='ltr'><strong>de</strong></span> <span class='ocrx_word' id='word_1_112' title='bbox 290 1863 437 1948; x_wconf 87' lang='lat' dir='ltr'><strong>antiquis</strong></span> <span class='ocrx_word' id='word_1_113' title='bbox 450 1865 639 1930; x_wconf 88' lang='lat' dir='ltr'><strong>nominibus</strong></span> <span class='ocrx_word' id='word_1_114' title='bbox 655 1865 892 1930; x_wconf 87' lang='lat' dir='ltr'><strong>Romanorum.</strong></span> <span class='ocrx_word' id='word_1_115' title='bbox 934 1863 1083 1931; x_wconf 78' lang='lat' dir='ltr'><strong>consulo</strong></span> <span class='ocrx_word' id='word_1_116' title='bbox 1102 1871 1137 1930; x_wconf 87' lang='lat' dir='ltr'><strong>ot</strong></span> <span class='ocrx_word' id='word_1_117' title='bbox 1155 1865 1331 1948; x_wconf 79' lang='lat' dir='ltr'><strong>Sigonium</strong></span> 
     </span>
     <span class='ocr_line' id='line_1_16' title="bbox 234 1961 1331 2044; baseline 0.004 -16"><span class='ocrx_word' id='word_1_118' title='bbox 234 1968 268 2028; x_wconf 91' lang='lat' dir='ltr'><strong>et</strong></span> <span class='ocrx_word' id='word_1_119' title='bbox 285 1961 439 2030; x_wconf 88' lang='lat' dir='ltr'><strong>Ursiuum</strong></span> <span class='ocrx_word' id='word_1_120' title='bbox 454 1965 496 2030; x_wconf 91' lang='lat' dir='ltr'><strong>dc</strong></span> <span class='ocrx_word' id='word_1_121' title='bbox 508 1967 701 2033; x_wconf 89' lang='lat' dir='ltr'><strong>nominibus</strong></span> <span class='ocrx_word' id='word_1_122' title='bbox 723 1972 758 2032; x_wconf 89' lang='lat' dir='ltr'><strong>ct</strong></span> <span class='ocrx_word' id='word_1_123' title='bbox 778 1966 916 2032; x_wconf 90' lang='lat' dir='ltr'><strong>familiis</strong></span> <span class='ocrx_word' id='word_1_124' title='bbox 938 1963 1175 2044; x_wconf 88' lang='lat' dir='ltr'><strong>Romanorum,</strong></span> <span class='ocrx_word' id='word_1_125' title='bbox 1190 1965 1331 2032; x_wconf 84' lang='lat' dir='ltr'><strong>Volate-</strong></span> 
     </span>
    </p>
   </div>
   <div class='ocr_carea' id='block_1_3' title="bbox 118 2063 1333 2151">
    <p class='ocr_par' dir='ltr' id='par_1_3' title="bbox 118 2063 1333 2151">
     <span class='ocr_line' id='line_1_17' title="bbox 118 2063 1333 2151; baseline 0.002 -22"><span class='ocrx_word' id='word_1_126' title='bbox 118 2081 121 2088; x_wconf 91' lang='lat'>·</span> <span class='ocrx_word' id='word_1_127' title='bbox 234 2083 350 2132; x_wconf 90' lang='lat' dir='ltr'><strong>ranum</strong></span> <span class='ocrx_word' id='word_1_128' title='bbox 364 2064 565 2151; x_wconf 88' lang='lat' dir='ltr'><strong>Anthropol.</strong></span> <span class='ocrx_word' id='word_1_129' title='bbox 607 2066 798 2134; x_wconf 85' lang='lat' dir='ltr'><strong>Martialem</strong></span> <span class='ocrx_word' id='word_1_130' title='bbox 811 2065 983 2150; x_wconf 88' lang='lat' dir='ltr'><strong>(quamvis</strong></span> <span class='ocrx_word' id='word_1_131' title='bbox 997 2066 1109 2132; x_wconf 89' lang='lat' dir='ltr'><strong>etboo</strong></span> <span class='ocrx_word' id='word_1_132' title='bbox 1122 2063 1333 2149; x_wconf 84' lang='lat' dir='ltr'><strong>Romanum)</strong></span> 
     </span>
    </p>
   </div>
   <div class='ocr_carea' id='block_1_4' title="bbox 224 2165 1331 4272">
    <p class='ocr_par' dir='ltr' id='par_1_4' title="bbox 228 2165 1331 3464">
     <span class='ocr_line' id='line_1_18' title="bbox 233 2165 1331 2252; baseline -0.001 -19"><span class='ocrx_word' id='word_1_133' title='bbox 233 2187 257 2233; x_wconf 91' lang='lat' dir='ltr'><strong>a</strong></span> <span class='ocrx_word' id='word_1_134' title='bbox 277 2169 469 2252; x_wconf 87' lang='lat' dir='ltr'><strong>parantibus</strong></span> <span class='ocrx_word' id='word_1_135' title='bbox 489 2168 698 2252; x_wconf 73' lang='lat' dir='ltr'><strong>indigitatum</strong></span> <span class='ocrx_word' id='word_1_136' title='bbox 719 2169 791 2233; x_wconf 87' lang='lat' dir='ltr'><strong>sive</strong></span> <span class='ocrx_word' id='word_1_137' title='bbox 814 2187 836 2232; x_wconf 92' lang='lat' dir='ltr'><strong>a</strong></span> <span class='ocrx_word' id='word_1_138' title='bbox 859 2167 939 2232; x_wconf 88' lang='lat' dir='ltr'><strong>Kal.</strong></span> <span class='ocrx_word' id='word_1_139' title='bbox 959 2165 1106 2246; x_wconf 88' lang='lat' dir='ltr'><strong>Martiis,</strong></span> <span class='ocrx_word' id='word_1_140' title='bbox 1128 2166 1252 2250; x_wconf 87' lang='lat' dir='ltr'><strong>quibus</strong></span> <span class='ocrx_word' id='word_1_141' title='bbox 1278 2172 1331 2232; x_wconf 84' lang='lat' dir='ltr'><strong>cst</strong></span> 
     </span>
     <span class='ocr_line' id='line_1_19' title="bbox 233 2265 1330 2354; baseline 0.002 -22"><span class='ocrx_word' id='word_1_142' title='bbox 233 2265 354 2346; x_wconf 87' lang='lat' dir='ltr'><strong>editus,</strong></span> <span class='ocrx_word' id='word_1_143' title='bbox 369 2268 443 2335; x_wconf 87' lang='lat' dir='ltr'><strong>sire</strong></span> <span class='ocrx_word' id='word_1_144' title='bbox 457 2271 620 2354; x_wconf 86' lang='lat' dir='ltr'><strong>majorum</strong></span> <span class='ocrx_word' id='word_1_145' title='bbox 634 2271 795 2336; x_wconf 88' lang='lat' dir='ltr'><strong>arbitratu</strong></span> <span class='ocrx_word' id='word_1_146' title='bbox 808 2269 852 2334; x_wconf 95' lang='lat' dir='ltr'><strong>ob</strong></span> <span class='ocrx_word' id='word_1_147' title='bbox 870 2268 991 2334; x_wconf 88' lang='lat' dir='ltr'><strong>Martis</strong></span> <span class='ocrx_word' id='word_1_148' title='bbox 1006 2267 1134 2334; x_wconf 89' lang='lat' dir='ltr'><strong>cultum</strong></span> <span class='ocrx_word' id='word_1_149' title='bbox 1154 2273 1188 2334; x_wconf 86' lang='lat' dir='ltr'><strong>ct</strong></span> <span class='ocrx_word' id='word_1_150' title='bbox 1204 2287 1330 2337; x_wconf 83' lang='lat' dir='ltr'><strong>momo-</strong></span> 
     </span>
     <span class='ocr_line' id='line_1_20' title="bbox 232 2368 1328 2455; baseline 0 -23"><span class='ocrx_word' id='word_1_151' title='bbox 232 2368 317 2433; x_wconf 85' lang='lat' dir='ltr'><strong>riam</strong></span> <span class='ocrx_word' id='word_1_152' title='bbox 331 2389 462 2436; x_wconf 89' lang='lat' dir='ltr'><strong>censeo.</strong></span> <span class='ocrx_word' id='word_1_153' title='bbox 507 2370 681 2438; x_wconf 81' lang='lat' dir='ltr'><strong>Martiales</strong></span> <span class='ocrx_word' id='word_1_154' title='bbox 702 2390 802 2455; x_wconf 87' lang='lat' dir='ltr'><strong>porro</strong></span> <span class='ocrx_word' id='word_1_155' title='bbox 824 2377 938 2436; x_wconf 92' lang='lat' dir='ltr'><strong>nostro</strong></span> <span class='ocrx_word' id='word_1_156' title='bbox 960 2369 1072 2454; x_wconf 82' lang='lat' dir='ltr'><strong>pob&#39;toe</strong></span> <span class='ocrx_word' id='word_1_157' title='bbox 1093 2369 1162 2435; x_wconf 86' lang='lat' dir='ltr'><strong>fcrc</strong></span> <span class='ocrx_word' id='word_1_158' title='bbox 1176 2368 1328 2453; x_wconf 68' lang='lat' dir='ltr'><strong>aquata</strong></span> 
     </span>
     <span class='ocr_line' id='line_1_21' title="bbox 231 2459 1328 2559; baseline 0.001 -25"><span class='ocrx_word' id='word_1_159' title='bbox 231 2470 345 2552; x_wconf 87' lang='lat' dir='ltr'><strong>plures</strong></span> <span class='ocrx_word' id='word_1_160' title='bbox 358 2472 435 2555; x_wconf 82' lang='lat' dir='ltr'><strong>lego</strong></span> <span class='ocrx_word' id='word_1_161' title='bbox 450 2471 541 2556; x_wconf 89' lang='lat' dir='ltr'><strong>apud</strong></span> <span class='ocrx_word' id='word_1_162' title='bbox 559 2475 750 2559; x_wconf 86' lang='lat' dir='ltr'><strong>scriptores.</strong></span> <span class='ocrx_word' id='word_1_163' title='bbox 795 2473 860 2538; x_wconf 88' lang='lat' dir='ltr'><strong>Est</strong></span> <span class='ocrx_word' id='word_1_164' title='bbox 881 2471 974 2558; x_wconf 90' lang='lat' dir='ltr'><strong>apud</strong></span> <span class='ocrx_word' id='word_1_165' title='bbox 997 2470 1226 2556; x_wconf 82' lang='lat' dir='ltr'><strong>Lampridium</strong></span> <span class='ocrx_word' id='word_1_166' title='bbox 1241 2459 1328 2536; x_wconf 80' lang='lat' dir='ltr'><strong>Gar·</strong></span> 
     </span>
     <span class='ocr_line' id='line_1_22' title="bbox 228 2569 1327 2658; baseline -0.001 -22"><span class='ocrx_word' id='word_1_167' title='bbox 228 2570 330 2652; x_wconf 79' lang='lat' dir='ltr'><strong>&#39;gilius</strong></span> <span class='ocrx_word' id='word_1_168' title='bbox 344 2571 522 2654; x_wconf 85' lang='lat' dir='ltr'><strong>Martialis,</strong></span> <span class='ocrx_word' id='word_1_169' title='bbox 537 2576 642 2658; x_wconf 87' lang='lat' dir='ltr'><strong>paulo</strong></span> <span class='ocrx_word' id='word_1_170' title='bbox 657 2584 766 2642; x_wconf 87' lang='lat' dir='ltr'><strong>tamen</strong></span> <span class='ocrx_word' id='word_1_171' title='bbox 779 2580 894 2640; x_wconf 83' lang='lat' dir='ltr'><strong>nostm</strong></span> <span class='ocrx_word' id='word_1_172' title='bbox 906 2573 1064 2638; x_wconf 86' lang='lat' dir='ltr'><strong>Martiale</strong></span> <span class='ocrx_word' id='word_1_173' title='bbox 1078 2571 1192 2638; x_wconf 86' lang='lat' dir='ltr'><strong>minor.</strong></span> <span class='ocrx_word' id='word_1_174' title='bbox 1229 2569 1327 2636; x_wconf 82' lang='lat' dir='ltr'><strong>Cele-</strong></span> 
     </span>
     <span class='ocr_line' id='line_1_23' title="bbox 230 2671 1328 2759; baseline 0.003 -24"><span class='ocrx_word' id='word_1_175' title='bbox 230 2671 305 2737; x_wconf 87' lang='lat' dir='ltr'><strong>brat</strong></span> <span class='ocrx_word' id='word_1_176' title='bbox 317 2671 458 2739; x_wconf 80' lang='lat' dir='ltr'><strong>Tacitus</strong></span> <span class='ocrx_word' id='word_1_177' title='bbox 478 2674 671 2742; x_wconf 79' lang='lat' dir='ltr'><strong>Cornelium</strong></span> <span class='ocrx_word' id='word_1_178' title='bbox 691 2675 884 2741; x_wconf 85' lang='lat' dir='ltr'><strong>Martialem</strong></span> <span class='ocrx_word' id='word_1_179' title='bbox 903 2673 1150 2759; x_wconf 85' lang='lat' dir='ltr'><strong>primipilarem.</strong></span> <span class='ocrx_word' id='word_1_180' title='bbox 1192 2672 1328 2738; x_wconf 86' lang='lat' dir='ltr'><strong>Laudat</strong></span> 
     </span>
     <span class='ocr_line' id='line_1_24' title="bbox 230 2771 1328 2842; baseline 0.004 -8"><span class='ocrx_word' id='word_1_181' title='bbox 230 2774 342 2836; x_wconf 84' lang='lat' dir='ltr'><strong>noster</strong></span> <span class='ocrx_word' id='word_1_182' title='bbox 352 2771 521 2839; x_wconf 89' lang='lat' dir='ltr'><strong>Martialis</strong></span> <span class='ocrx_word' id='word_1_183' title='bbox 534 2775 665 2840; x_wconf 82' lang='lat' dir='ltr'><strong>lulium</strong></span> <span class='ocrx_word' id='word_1_184' title='bbox 679 2775 872 2842; x_wconf 86' lang='lat' dir='ltr'><strong>Martialem</strong></span> <span class='ocrx_word' id='word_1_185' title='bbox 885 2774 1086 2840; x_wconf 85' lang='lat' dir='ltr'><strong>familiarem</strong></span> <span class='ocrx_word' id='word_1_186' title='bbox 1097 2792 1206 2842; x_wconf 89' lang='lat' dir='ltr'><strong>suurn.</strong></span> <span class='ocrx_word' id='word_1_187' title='bbox 1228 2772 1328 2840; x_wconf 87' lang='lat' dir='ltr'><strong>Vixit</strong></span> 
     </span>
     <span class='ocr_line' id='line_1_25' title="bbox 228 2870 1327 2960; baseline 0.005 -25"><span class='ocrx_word' id='word_1_188' title='bbox 228 2870 344 2936; x_wconf 83' lang='lat' dir='ltr'><strong>codam</strong></span> <span class='ocrx_word' id='word_1_189' title='bbox 356 2871 425 2936; x_wconf 89' lang='lat' dir='ltr'><strong>fere</strong></span> <span class='ocrx_word' id='word_1_190' title='bbox 439 2893 516 2939; x_wconf 77' lang='lat' dir='ltr'><strong>aavo</strong></span> <span class='ocrx_word' id='word_1_191' title='bbox 531 2875 567 2939; x_wconf 89' lang='lat' dir='ltr'><strong>S.</strong></span> <span class='ocrx_word' id='word_1_192' title='bbox 583 2874 761 2954; x_wconf 87' lang='lat' dir='ltr'><strong>Martialis,</strong></span> <span class='ocrx_word' id='word_1_193' title='bbox 775 2874 950 2941; x_wconf 84' lang='lat' dir='ltr'><strong>Gallorum</strong></span> <span class='ocrx_word' id='word_1_194' title='bbox 966 2875 1188 2960; x_wconf 76' lang='lat' dir='ltr'><strong>Mystagogus</strong></span> <span class='ocrx_word' id='word_1_195' title='bbox 1204 2875 1327 2940; x_wconf 70' lang='lat' dir='ltr'><strong>fremo·</strong></span> 
     </span>
     <span class='ocr_line' id='line_1_26' title="bbox 230 2971 1326 3062; baseline 0.003 -25"><span class='ocrx_word' id='word_1_196' title='bbox 230 2971 377 3038; x_wconf 83' lang='lat' dir='ltr'><strong>vicensis</strong></span> <span class='ocrx_word' id='word_1_197' title='bbox 401 2973 570 3055; x_wconf 87' lang='lat' dir='ltr'><strong>Pontifex,</strong></span> <span class='ocrx_word' id='word_1_198' title='bbox 599 2977 734 3060; x_wconf 88' lang='lat' dir='ltr'><strong>scriptis</strong></span> <span class='ocrx_word' id='word_1_199' title='bbox 758 2977 901 3062; x_wconf 89' lang='lat' dir='ltr'><strong>primum</strong></span> <span class='ocrx_word' id='word_1_200' title='bbox 922 2977 993 3042; x_wconf 90' lang='lat' dir='ltr'><strong>suis</strong></span> <span class='ocrx_word' id='word_1_201' title='bbox 1014 2977 1223 3055; x_wconf 88' lang='lat' dir='ltr'><strong>nobilitatus,</strong></span> <span class='ocrx_word' id='word_1_202' title='bbox 1251 2975 1326 3040; x_wconf 87' lang='lat' dir='ltr'><strong>dein</strong></span> 
     </span>
     <span class='ocr_line' id='line_1_27' title="bbox 228 3073 1324 3163; baseline 0.002 -25"><span class='ocrx_word' id='word_1_203' title='bbox 228 3073 331 3140; x_wconf 88' lang='lat' dir='ltr'><strong>stiam</strong></span> <span class='ocrx_word' id='word_1_204' title='bbox 358 3078 517 3160; x_wconf 74' lang='lat' dir='ltr'><strong>sanguiue</strong></span> <span class='ocrx_word' id='word_1_205' title='bbox 538 3099 602 3163; x_wconf 87' lang='lat' dir='ltr'><strong>pro</strong></span> <span class='ocrx_word' id='word_1_206' title='bbox 629 3079 755 3146; x_wconf 79' lang='lat' dir='ltr'><strong>Christi</strong></span> <span class='ocrx_word' id='word_1_207' title='bbox 782 3081 917 3145; x_wconf 90' lang='lat' dir='ltr'><strong>nomine</strong></span> <span class='ocrx_word' id='word_1_208' title='bbox 946 3078 1083 3163; x_wconf 77' lang='lat' dir='ltr'><strong>profuso</strong></span> <span class='ocrx_word' id='word_1_209' title='bbox 1112 3081 1324 3163; x_wconf 90' lang='lat' dir='ltr'><strong>purpuratus.</strong></span> 
     </span>
     <span class='ocr_line' id='line_1_28' title="bbox 231 3173 1326 3264; baseline 0.01 -25"><span class='ocrx_word' id='word_1_210' title='bbox 231 3173 345 3240; x_wconf 88' lang='lat' dir='ltr'><strong>Notus</strong></span> <span class='ocrx_word' id='word_1_211' title='bbox 360 3183 414 3242; x_wconf 90' lang='lat' dir='ltr'><strong>est</strong></span> <span class='ocrx_word' id='word_1_212' title='bbox 427 3185 463 3242; x_wconf 89' lang='lat' dir='ltr'><strong>et</strong></span> <span class='ocrx_word' id='word_1_213' title='bbox 476 3179 534 3244; x_wconf 91' lang='lat' dir='ltr'><strong>illc</strong></span> <span class='ocrx_word' id='word_1_214' title='bbox 549 3179 720 3246; x_wconf 85' lang='lat' dir='ltr'><strong>Martialis</strong></span> <span class='ocrx_word' id='word_1_215' title='bbox 734 3181 826 3264; x_wconf 89' lang='lat' dir='ltr'><strong>apud</strong></span> <span class='ocrx_word' id='word_1_216' title='bbox 842 3180 1069 3246; x_wconf 88' lang='lat' dir='ltr'><strong>Herodianum</strong></span> <span class='ocrx_word' id='word_1_217' title='bbox 1082 3178 1140 3244; x_wconf 93' lang='lat' dir='ltr'><strong>lib.</strong></span> <span class='ocrx_word' id='word_1_218' title='bbox 1150 3193 1200 3242; x_wconf 89' lang='lat' dir='ltr'><strong>rv.</strong></span> <span class='ocrx_word' id='word_1_219' title='bbox 1223 3176 1326 3250; x_wconf 55' lang='lat' dir='ltr'><strong>cm.-</strong></span> 
     </span>
     <span class='ocr_line' id='line_1_29' title="bbox 228 3275 1326 3365; baseline 0.007 -25"><span class='ocrx_word' id='word_1_220' title='bbox 228 3275 307 3340; x_wconf 88' lang='lat' dir='ltr'><strong>calli</strong></span> <span class='ocrx_word' id='word_1_221' title='bbox 320 3295 507 3359; x_wconf 87' lang='lat' dir='ltr'><strong>percussor.</strong></span> <span class='ocrx_word' id='word_1_222' title='bbox 550 3279 604 3344; x_wconf 89' lang='lat' dir='ltr'><strong>Do</strong></span> <span class='ocrx_word' id='word_1_223' title='bbox 626 3281 792 3347; x_wconf 85' lang='lat' dir='ltr'><strong>Kalendis</strong></span> <span class='ocrx_word' id='word_1_224' title='bbox 814 3279 949 3346; x_wconf 88' lang='lat' dir='ltr'><strong>Martiis</strong></span> <span class='ocrx_word' id='word_1_225' title='bbox 970 3279 1080 3365; x_wconf 81' lang='lat' dir='ltr'><strong>po&#39;etae</strong></span> <span class='ocrx_word' id='word_1_226' title='bbox 1101 3278 1265 3348; x_wconf 86' lang='lat' dir='ltr'><strong>natalitiis</strong></span> <span class='ocrx_word' id='word_1_227' title='bbox 1279 3278 1326 3348; x_wconf 82' lang='lat' dir='ltr'><strong>ita</strong></span> 
     </span>
     <span class='ocr_line' id='line_1_30' title="bbox 231 3373 746 3464; baseline 0.016 -25"><span class='ocrx_word' id='word_1_228' title='bbox 231 3389 271 3440; x_wconf 82' lang='lat' dir='ltr'><strong>x.</strong></span> <span class='ocrx_word' id='word_1_229' title='bbox 286 3373 340 3440; x_wconf 79' lang='lat'><strong>24.</strong></span> <span class='ocrx_word' id='word_1_230' title='bbox 363 3375 533 3444; x_wconf 85' lang='lat' dir='ltr'><strong>Martialis</strong></span> <span class='ocrx_word' id='word_1_231' title='bbox 548 3380 621 3464; x_wconf 89' lang='lat' dir='ltr'><strong>ipso</strong></span> <span class='ocrx_word' id='word_1_232' title='bbox 635 3381 746 3446; x_wconf 86' lang='lat' dir='ltr'><strong>cauit:</strong></span> 
     </span>
    </p>

    <p class='ocr_par' dir='ltr' id='par_1_5' title="bbox 399 3477 980 3560">
     <span class='ocr_line' id='line_1_31' title="bbox 399 3477 980 3560; baseline 0.01 -18"><span class='ocrx_word' id='word_1_233' title='bbox 399 3477 543 3546; x_wconf 88' lang='lat' dir='ltr'><strong>Natales</strong></span> <span class='ocrx_word' id='word_1_234' title='bbox 557 3481 638 3546; x_wconf 90' lang='lat' dir='ltr'><strong>mibi</strong></span> <span class='ocrx_word' id='word_1_235' title='bbox 653 3481 789 3550; x_wconf 79' lang='lat' dir='ltr'><strong>Martiae</strong></span> <span class='ocrx_word' id='word_1_236' title='bbox 803 3481 980 3560; x_wconf 72' lang='lat' dir='ltr'><strong>Kalendas,</strong></span> 
     </span>
    </p>

    <p class='ocr_par' dir='ltr' id='par_1_6' title="bbox 227 3577 1023 3764">
     <span class='ocr_line' id='line_1_32' title="bbox 399 3577 1023 3650; baseline 0.008 -8"><span class='ocrx_word' id='word_1_237' title='bbox 399 3577 478 3644; x_wconf 86' lang='lat' dir='ltr'><strong>Lux</strong></span> <span class='ocrx_word' id='word_1_238' title='bbox 491 3580 663 3648; x_wconf 91' lang='lat' dir='ltr'><strong>formosior</strong></span> <span class='ocrx_word' id='word_1_239' title='bbox 675 3584 831 3650; x_wconf 89' lang='lat' dir='ltr'><strong>omuibus</strong></span> <span class='ocrx_word' id='word_1_240' title='bbox 847 3582 1023 3649; x_wconf 88' lang='lat' dir='ltr'><strong>Kalendis.</strong></span> 
     </span>
     <span class='ocr_line' id='line_1_33' title="bbox 227 3676 602 3764; baseline 0.016 -22"><span class='ocrx_word' id='word_1_241' title='bbox 227 3684 262 3744; x_wconf 86' lang='lat' dir='ltr'><strong>ot</strong></span> <span class='ocrx_word' id='word_1_242' title='bbox 274 3676 333 3744; x_wconf 88' lang='lat' dir='ltr'><strong>lib.</strong></span> <span class='ocrx_word' id='word_1_243' title='bbox 348 3679 468 3744; x_wconf 87' lang='lat' dir='ltr'><strong>codem</strong></span> <span class='ocrx_word' id='word_1_244' title='bbox 479 3700 535 3764; x_wconf 90' lang='lat' dir='ltr'><strong>ep.</strong></span> <span class='ocrx_word' id='word_1_245' title='bbox 548 3683 602 3748; x_wconf 74' lang='lat'><strong>92</strong></span> 
     </span>
    </p>

    <p class='ocr_par' dir='ltr' id='par_1_7' title="bbox 398 3781 1150 3866">
     <span class='ocr_line' id='line_1_34' title="bbox 398 3781 1150 3866; baseline 0.004 -21"><span class='ocrx_word' id='word_1_246' title='bbox 398 3781 542 3848; x_wconf 87' lang='lat' dir='ltr'><strong>Martem</strong></span> <span class='ocrx_word' id='word_1_247' title='bbox 556 3801 703 3848; x_wconf 86' lang='lat' dir='ltr'><strong>mearum</strong></span> <span class='ocrx_word' id='word_1_248' title='bbox 715 3783 899 3866; x_wconf 87' lang='lat' dir='ltr'><strong>principem</strong></span> <span class='ocrx_word' id='word_1_249' title='bbox 913 3782 1150 3849; x_wconf 85' lang='lat' dir='ltr'><strong>Kalendarum.</strong></span> 
     </span>
    </p>

    <p class='ocr_par' dir='ltr' id='par_1_8' title="bbox 224 3879 1321 4272">
     <span class='ocr_line' id='line_1_35' title="bbox 268 3879 1321 3968; baseline 0.004 -22"><span class='ocrx_word' id='word_1_250' title='bbox 268 3879 407 3964; x_wconf 84' lang='lat' dir='ltr'><strong>Goqnus</strong></span> <span class='ocrx_word' id='word_1_251' title='bbox 428 3882 523 3950; x_wconf 88' lang='lat' dir='ltr'><strong>audit</strong></span> <span class='ocrx_word' id='word_1_252' title='bbox 541 3883 633 3967; x_wconf 88' lang='lat' dir='ltr'><strong>apud</strong></span> <span class='ocrx_word' id='word_1_253' title='bbox 655 3883 887 3968; x_wconf 82' lang='lat' dir='ltr'><strong>Lampridium</strong></span> <span class='ocrx_word' id='word_1_254' title='bbox 907 3885 941 3949; x_wconf 90' lang='lat' dir='ltr'><strong>in</strong></span> <span class='ocrx_word' id='word_1_255' title='bbox 964 3883 1158 3948; x_wconf 87' lang='lat' dir='ltr'><strong>Alexandro</strong></span> <span class='ocrx_word' id='word_1_256' title='bbox 1178 3881 1321 3950; x_wconf 86' lang='lat' dir='ltr'><strong>Severo:</strong></span> 
     </span>
     <span class='ocr_line' id='line_1_36' title="bbox 225 3980 1321 4069; baseline 0.002 -23"><span class='ocrx_word' id='word_1_257' title='bbox 225 3986 287 4047; x_wconf 90' lang='lat' dir='ltr'><strong>‘nt</strong></span> <span class='ocrx_word' id='word_1_258' title='bbox 311 3980 478 4048; x_wconf 86' lang='lat' dir='ltr'><strong>Martialis</strong></span> <span class='ocrx_word' id='word_1_259' title='bbox 503 3983 611 4063; x_wconf 61' lang='lat' dir='ltr'><strong>(loci,³</strong></span> <span class='ocrx_word' id='word_1_260' title='bbox 634 3987 754 4069; x_wconf 90' lang='lat' dir='ltr'><strong>inquit,</strong></span> <span class='ocrx_word' id='word_1_261' title='bbox 776 3985 1007 4068; x_wconf 82' lang='lat' dir='ltr'><strong>‘epigramma</strong></span> <span class='ocrx_word' id='word_1_262' title='bbox 1029 3985 1207 4067; x_wconf 82' lang='lat' dir='ltr'><strong>significat,</strong></span> <span class='ocrx_word' id='word_1_263' title='bbox 1229 3984 1321 4068; x_wconf 89' lang='lat' dir='ltr'><strong>quod</strong></span> 
     </span>
     <span class='ocr_line' id='line_1_37' title="bbox 226 4083 1321 4170; baseline 0.005 -22"><span class='ocrx_word' id='word_1_264' title='bbox 226 4089 343 4150; x_wconf 88' lang='lat' dir='ltr'><strong>contra</strong></span> <span class='ocrx_word' id='word_1_265' title='bbox 357 4083 525 4168; x_wconf 89' lang='lat' dir='ltr'><strong>quandam</strong></span> <span class='ocrx_word' id='word_1_266' title='bbox 540 4083 684 4151; x_wconf 83' lang='lat' dir='ltr'><strong>Gelliam</strong></span> <span class='ocrx_word' id='word_1_267' title='bbox 698 4087 836 4170; x_wconf 88' lang='lat' dir='ltr'><strong>scripsit</strong></span> <span class='ocrx_word' id='word_1_268' title='bbox 848 4085 1055 4170; x_wconf 62' lang='lat' dir='ltr'><strong>huiusmodi:</strong></span> <span class='ocrx_word' id='word_1_269' title='bbox 1071 4085 1158 4152; x_wconf 89' lang='lat' dir='ltr'><strong>Cum</strong></span> <span class='ocrx_word' id='word_1_270' title='bbox 1172 4086 1321 4169; x_wconf 86' lang='lat' dir='ltr'><strong>leporem</strong></span> 
     </span>
     <span class='ocr_line' id='line_1_38' title="bbox 224 4181 1319 4272; baseline 0.001 -22"><span class='ocrx_word' id='word_1_271' title='bbox 224 4181 351 4250; x_wconf 86' lang='lat' dir='ltr'><strong>mittis.&#39;</strong></span> <span class='ocrx_word' id='word_1_272' title='bbox 394 4181 547 4268; x_wconf 72' lang='lat' dir='ltr'><strong>coquum</strong></span> <span class='ocrx_word' id='word_1_273' title='bbox 561 4185 643 4252; x_wconf 90' lang='lat' dir='ltr'><strong>item</strong></span> <span class='ocrx_word' id='word_1_274' title='bbox 659 4187 806 4272; x_wconf 82' lang='lat' dir='ltr'><strong>appellat</strong></span> <span class='ocrx_word' id='word_1_275' title='bbox 818 4187 842 4253; x_wconf 85' lang='lat' dir='ltr'>J</span> <span class='ocrx_word' id='word_1_276' title='bbox 844 4207 970 4254; x_wconf 85' lang='lat' dir='ltr'><strong>cannes</strong></span> <span class='ocrx_word' id='word_1_277' title='bbox 985 4187 1242 4268; x_wconf 76' lang='lat' dir='ltr'><strong>sarisberiensis</strong></span> <span class='ocrx_word' id='word_1_278' title='bbox 1262 4185 1319 4256; x_wconf 87' lang='lat' dir='ltr'><strong>lib.</strong></span> 
     </span>
    </p>
   </div>
   <div class='ocr_carea' id='block_1_5' title="bbox 0 0 1522 4902">
    <p class='ocr_par' dir='ltr' id='par_1_9' title="bbox 0 0 1522 4902">
     <span class='ocr_line' id='line_1_39' title="bbox 0 0 1522 4902; baseline 0 6"><span class='ocrx_word' id='word_1_279' title='bbox 0 0 1522 4902; x_wconf 95' lang='lat' dir='ltr'><strong> </strong></span> 
     </span>
    </p>
   </div>
  </div>
 </body>
</html>
