3034 4902
401 987 475 1078 Μ.
517 983 676 1076 VAL.
719 973 1098 1070 MARTIALIS

540 1246 951 1383 vrra,

332 1537 382 1594 EX
396 1536 480 1592 taso
496 1533 690 1592 manuam
710 1531 937 1589 romermunt
958 1528 1172 1593 DEPROMTA,

653 1742 853 1809 AUCTORE

467 1939 712 2028 MATTH.
754 1935 1044 2023 RADERO·

208 2476 277 2564 Μ.
300 2499 397 2568 Vsa.
420 2499 655 2580 Maarranrs,
680 2507 778 2586 patre
801 2499 979 2579 Frontone,
1000 2503 1107 2564 matre
1130 2495 1305 2574 Flaccilla,

208 2603 324 2671 Bilbili
353 2603 389 2668 in
419 2601 612 2684 Celtiberia,
642 2603 777 2668 Claudii
812 2603 903 2687 Imp.
934 2619 1019 2666 anno
1044 2603 1307 2683 praeterpropter

206 2704 325 2787 primo,
339 2701 465 2768 Christi
479 2719 593 2770 xnrrr.
613 2721 804 2791 quanquam
825 2703 889 2768 hoc
910 2723 955 2768 cx
977 2701 1173 2786 conjectura
1185 2695 1308 2781 magis,

208 2820 312 2886 quam
332 2800 479 2884 ἀποδόξῃ,
500 2809 611 2882 natas,
634 2799 910 2886 Calagurritanus
930 2802 995 2868 tait
1016 2803 1180 2878 alumnas,
1203 2817 1308 2883 qnam

209 2905 372 2970 obscurus
396 2904 558 2988 majorum
586 2903 769 2982 natalibus,
798 2908 868 2968 tam
896 2904 1006 2969 claras
1036 2900 1163 2985 ingenii
1190 2917 1308 2964 monn·

210 3006 340 3072 mentis.
379 3005 433 3072 De
446 3005 634 3072 nominibus
649 3003 768 3072 Poste
783 3009 916 3072 constat
931 3024 975 3072 ex
990 3005 1136 3071 omnium
1151 3000 1310 3068 codicum

209 3104 287 3186 fide,
313 3105 372 3191 qui
402 3105 459 3172 M.·
475 3103 650 3173 Valeriam
678 3103 872 3173 Martialem
893 3106 1093 3192 proet‘orant:
1119 3121 1207 3193 quae,
1229 3121 1308 3167 narn
1411 3156 1418 3162 .

210 3205 284 3288 ipse
311 3205 376 3270 sibi
400 3205 569 3283 asciverit,
595 3225 639 3270 an
663 3208 904 3290 aparentibus
929 3207 1110 3290 acceperit,
1136 3205 1171 3270 in
1192 3203 1309 3269 modio

210 3305 370 3389 relinquo.
413 3303 616 3388 Quanquam
641 3303 752 3372 Marci
775 3310 811 3374 et
832 3305 966 3372 Valerii
992 3306 1149 3372 Romana
1175 3299 1310 3370 nomina

212 3403 331 3472 Rome
357 3404 499 3492 primam
520 3409 672 3476 marrata
687 3403 820 3492 judico.
863 3405 981 3472 civem
1004 3407 1093 3474 enirn
1118 3405 1310 3472 Romanam

210 3505 315 3572 frasso
328 3506 440 3571 nullas
454 3505 581 3586 dubito,
596 3525 675 3575 cum
688 3507 766 3579 aliis
781 3509 857 3594 ipse
876 3505 1312 3593 cenommannica

213 3595 339 3674 rra'tltl.
362 3607 524 3692 gloriatur
537 3607 574 3672 in
587 3606 787 3676 Navolnm:

342 3708 437 3788 Quot
450 3707 532 3772 milri
546 3705 706 3774 Gaesareo
719 3709 802 3776 facti
817 3717 896 3780 snat
909 3729 1042 3776 munere
1057 3710 1164 3789 cives,
1196 3702 1199 3708 ’

385 3809 462 3874 Nec
475 3809 621 3876 famulos
636 3810 777 3876 totidem
791 3813 947 3897 suspicor
961 3831 1038 3877 esse
1051 3812 1133 3876 tibi:

213 3927 276 3974 nee
292 3909 432 3990 iactam,
458 3909 519 3974 sed
541 3917 678 3982 natam:
700 3913 827 3997 alioqui
847 3917 1024 3997 patronam
1046 3931 1144 3978 snum
1166 3913 1313 3978 carmine

213 4009 395 4076 laudasset.
439 4009 565 4078 Facilis
583 4029 665 4077 voro
689 4021 762 4078 erat
784 4018 855 4079 tum
877 4013 989 4078 editus
1006 4013 1050 4079 ad
1070 4012 1130 4097 jus
1153 4013 1312 4092 civitatis,

214 4111 304 4195 qaod
320 4109 482 4178 claudius
496 4119 566 4176 tam
579 4113 645 4178 vilo
655 4113 836 4192 iecerat,ut
850 4113 964 4179 vitreis
978 4113 1095 4180 fractis
1108 4113 1210 4198 vulgo
1223 4113 1313 4181 dice-

215 4220 308 4280 retar
321 4211 398 4280 emi.
442 4211 535 4278 Otho
548 4231 628 4280 aero
642 4215 825 4302 peregrinis
847 4215 949 4284 etiarn
972 4215 1120 4296 donant,
1142 4219 1179 4282 ut
1193 4215 1262 4282 Dio
1280 4215 1314 4280 in
