3034 4902
599 413 650 462 an
674 413 875 464 nncronns.
1260 405 1282 469 7

180 563 290 622 tamen
301 554 389 622 ierat
402 555 637 622 elucidationis
652 558 852 636 necessitas,
867 555 994 636 studui,
1009 575 1075 622 non
1094 558 1190 624 datur
1204 559 1278 626 ubi·

181 677 246 744 que
274 657 356 722 illud
381 658 542 742 profiteri,
570 657 626 725 hic
656 677 805 741 agnosco
834 678 888 724 me
916 663 1072 725 secutum
1095 661 1279 726 editionem

180 757 367 824 Clarissimi
397 759 473 824 Viri
503 759 594 824 Petri
629 759 804 839 Scriverii;
843 760 1055 828 consuluisse
1082 759 1151 826 Ms.
1176 781 1278 826 unum

178 859 377 926 venerandae
392 861 608 946 antiquitatis
622 866 656 926 et
667 859 747 925 fidei
769 861 879 940 bonae,
901 861 937 926 in
958 861 1173 927 Bibliotheca
1188 861 1278 928 Bod-

177 961 300 1040 leiuna,
314 967 352 1028 ut
365 967 400 1028 et
413 962 500 1028 alios
515 961 603 1026 duos
623 960 708 1026 Mes.
724 959 953 1043 oxoniensem
981 981 1079 1028 nsum
1092 961 1197 1028 fnisse
1211 983 1277 1048 ope

178 1071 480 1128 commentatorum
493 1067 657 1148 quotquot
671 1068 787 1128 extant
799 1063 957 1142 omnium,
971 1063 1007 1130 in
1020 1064 1198 1130 consilium
1217 1065 1277 1130 ad·

176 1162 328 1229 libuisse
357 1165 448 1230 Petri
473 1165 634 1232 Scriverii
660 1164 978 1244 animadversiones,
1008 1164 1141 1232 Gruteri
1167 1170 1276 1244 notas,

176 1262 302 1330 Facem
327 1267 459 1346 artium
482 1274 518 1334 et
545 1266 692 1334 (luiticos
719 1267 817 1346 alios,
845 1263 1081 1350 Anthologiam
1105 1267 1277 1350 diligenter

175 1367 373 1447 contulisse,
389 1367 588 1435 Historicos
607 1370 743 1454 insuper
765 1387 879 1434 omnes
903 1375 938 1434 et
966 1375 1126 1434 auctores
1147 1365 1275 1434 Nostro

174 1465 352 1558 ramola,
366 1469 536 1554 relegisse,
552 1489 639 1554 quos
661 1469 706 1534 ad
730 1468 873 1535 Potitum
898 1469 1145 1553 intelligendum
1166 1467 1277 1534 facere

162 1571 337 1656 judicavi,
351 1589 494 1654 quornm
508 1571 595 1636 ulios
609 1572 677 1636 cito
691 1570 892 1655 quandoque
907 1574 1024 1650 testes,
1038 1569 1083 1636 ad
1102 1569 1188 1640 alios
1208 1569 1274 1635 lec·

174 1677 279 1740 torem
294 1690 386 1756 saepe
399 1673 574 1739 brevitatis
588 1672 703 1738 studio
716 1673 850 1754 relego:
872 1691 980 1755 neque
998 1673 1048 1738 sic
1063 1677 1171 1738 umen
1191 1671 1275 1736 nihil

175 1773 288 1838 ubivis
300 1771 422 1839 facisse
441 1773 537 1852 satis,
551 1793 658 1857 nsque
677 1773 767 1840 aliis.
810 1773 866 1838 lta
879 1775 979 1857 plane
994 1771 1170 1857 deplorata
1178 1771 1274 1854 jacet

175 1891 254 1958 spes
269 1876 384 1958 gratim
399 1874 575 1940 autetiam
597 1873 704 1940 veniae
722 1873 816 1957 apnd
836 1873 1021 1958 iniquiores
1042 1873 1273 1956 impetrandae.

174 1971 241 2040 Sed
256 1977 405 2057 gratuita
418 1995 526 2059 usque
542 1975 691 2040 fruantur
703 1975 845 2040 malitia.
889 1974 963 2058 Ego
977 1994 1085 2058 neque
1104 1971 1273 2038 durmal-

175 2078 226 2154 ζαι
236 2082 262 2124 ¹⁵
277 2075 384 2143 Isidis
401 2078 538 2163 bajulos
559 2075 682 2163 μιγᾶλα
695 2074 882 2156 λακτίζοντας
897 2073 946 2140 aad
959 2075 1001 2140 tut
1016 2073 1075 2140 droa
1090 2073 1164 2161 lpyq
1176 2099 1272 2162 μιγα-

175 2177 380 2264 ρριιοῦπας,’6
406 2199 515 2266 neque
542 2199 639 2248 crura
664 2179 861 2264 suffringam
883 2179 1033 2258 canibus,
1061 2179 1121 2262 qui
1147 2178 1178 2242 si
1206 2196 1272 2243 non

173 2277 303 2358 latrant,
314 2281 453 2348 hirriunt
467 2289 578 2348 tamur
588 2290 625 2364 3¹⁷
647 2300 758 2366 neque
773 2287 902 2346 armata
913 2281 1040 2346 elidens
1063 2299 1163 2346 manu
1177 2298 1271 2344 anse-

172 2379 264 2458 rcs,¹⁸
278 2381 415 2446 rabioso
426 2382 569 2450 stridore
587 2385 624 2448 in
648 2402 702 2448 me
719 2382 880 2466 impetum
901 2382 1073 2460 iacientes,
1088 2379 1168 2444 dum
1181 2379 1270 2444 alius

172 2481 253 2546 milri
266 2483 415 2548 tunicam
429 2483 565 2563 lacerat,
578 2485 669 2550 alins
691 2483 824 2550 vincula
845 2484 1144 2550 calceamentomm
1166 2480 1270 2564 resol-

171 2582 230 2660 vit,
253 2583 343 2650 alius
365 2604 442 2652 crus
468 2605 581 2652 meum
609 2591 735 2652 serrato
762 2591 865 2652 vexat
887 2604 1022 2650 moran:
1059 2585 1095 2648 in
1117 2581 1268 2658 scientia,

168 2682 312 2766 judicio,
328 2692 362 2751 et
375 2685 519 2754 candore
537 2687 740 2754 eruditorum
764 2694 800 2752 et
822 2687 1034 2770 cordatorum
1047 2703 1187 2750 securus
1212 2701 1268 2748 ac·

173 2783 334 2866 quiesco:

469 2889 500 2953 ri
512 2915 550 2972 με
563 2884 586 2955 ὅ
600 2889 681 2954 adum
695 2887 789 2954 laan’
803 2887 945 2972 ἄμουσοις

299 2990 367 3074 stix
382 2991 445 3070 ὑμῖν
460 2989 578 3072 itiner,
592 2994 650 3065 τοῖς
663 2989 692 3054 δι’
704 2992 736 3072 μ’
748 2987 957 3072 immanitate.

254 3088 306 3165 ut,
321 3091 382 3173 ὶμιὶ
396 3092 548 3180 ἄνθρωπος,
560 3089 729 3180 τρισμύριοι·
746 3095 770 3154 ol
784 3091 806 3154 δ’
821 3087 978 3175 ἀνάριθμοι,

297 3190 431 3268 Ov'del5.¹⁹

663 3357 773 3409 NOTAE

201 3474 229 3519 lt
245 3467 439 3532 Ἀνιιλαπιζω]
460 3469 594 3522 Plutarch.
606 3470 639 3521 de
649 3471 694 3520 So·
770 3475 800 3521 18
810 3469 984 3535 Armillato]
1000 3467 1138 3518 Petronios
1147 3465 1264 3517 Ariana

166 3551 246 3609 erate,
255 3545 301 3596 lib.
311 3545 346 3596 de
357 3545 469 3596 Edncm.
480 3545 562 3597 Puer.
734 3545 786 3597 fine
799 3549 909 3611 Satyrs.

197 3625 229 3671 lt
251 3618 363 3684 Ιιηίιι,
389 3621 444 3684 te]
477 3620 581 3674 Arriani
606 3621 693 3687 Epict.
767 3617 1263 3686 rcum3,qe.]1ttog.latrt.sspt·

164 3697 384 3762 damnosum.
734 3695 1264 3761 gramminllb.Heracletutholllbsrrr.

196 3778 226 3823 lt
245 3775 333 3838 crare,
344 3773 397 3838 qa]
422 3773 515 3826 Cicero
533 3789 581 3841 pro
599 3775 695 3827 Roscio
733 3787 792 3838 cap.
803 3777 843 3824 tt.

165 3849 253 3900 Aruer.
