<?xml version="1.0" encoding="UTF-8"?>
<!DOCTYPE html PUBLIC "-//W3C//DTD XHTML 1.0 Transitional//EN"
    "http://www.w3.org/TR/xhtml1/DTD/xhtml1-transitional.dtd">
<html xmlns="http://www.w3.org/1999/xhtml" xml:lang="en" lang="en">
 <head>
  <title>
</title>
<meta http-equiv="Content-Type" content="text/html;charset=utf-8" />
  <meta name='ocr-system' content='tesseract 3.04.00' />
  <meta name='ocr-capabilities' content='ocr_page ocr_carea ocr_par ocr_line ocrx_word'/>
</head>
<body>
  <div class='ocr_page' id='page_1' title='image "./marcivaleriimar04martgoog_0022.png"; bbox 0 0 3034 4902; ppageno 0'>
   <div class='ocr_carea' id='block_1_1' title="bbox 714 377 1291 478">
    <p class='ocr_par' dir='ltr' id='par_1_1' title="bbox 714 377 1291 478">
     <span class='ocr_line' id='line_1_1' title="bbox 714 377 1291 478; baseline 0.005 -4"><span class='ocrx_word' id='word_1_1' title='bbox 714 426 815 474; x_wconf 76' lang='lat' dir='ltr'>vura.</span> <span class='ocrx_word' id='word_1_2' title='bbox 1017 377 1019 384; x_wconf 28' lang='grc' dir='ltr'>Ι</span> <span class='ocrx_word' id='word_1_3' title='bbox 1149 427 1152 434; x_wconf 85' lang='grc'><em>·</em></span> <span class='ocrx_word' id='word_1_4' title='bbox 1249 413 1291 478; x_wconf 87' lang='lat' dir='ltr'>ll</span> 
     </span>
    </p>
   </div>
   <div class='ocr_carea' id='block_1_2' title="bbox 170 565 1367 4285">
    <p class='ocr_par' dir='ltr' id='par_1_2' title="bbox 170 565 1367 4285">
     <span class='ocr_line' id='line_1_2' title="bbox 194 565 1290 652; baseline 0.003 -22"><span class='ocrx_word' id='word_1_5' title='bbox 194 582 275 631; x_wconf 87' lang='lat' dir='ltr'>vru.</span> <span class='ocrx_word' id='word_1_6' title='bbox 306 565 478 650; x_wconf 75' lang='lat' dir='ltr'>Polymut</span> <span class='ocrx_word' id='word_1_7' title='bbox 491 585 569 651; x_wconf 76' lang='lat' dir='ltr'>cap.</span> <span class='ocrx_word' id='word_1_8' title='bbox 583 567 616 634; x_wconf 88' lang='grc'>6.</span> <span class='ocrx_word' id='word_1_9' title='bbox 629 575 666 634; x_wconf 81' lang='lat' dir='ltr'>ot</span> <span class='ocrx_word' id='word_1_10' title='bbox 678 567 732 634; x_wconf 77' lang='grc'><strong>18.</strong></span> <span class='ocrx_word' id='word_1_11' title='bbox 754 575 790 632; x_wconf 88' lang='lat' dir='ltr'>et</span> <span class='ocrx_word' id='word_1_12' title='bbox 803 573 923 633; x_wconf 84' lang='lat' dir='ltr'>auctor</span> <span class='ocrx_word' id='word_1_13' title='bbox 938 567 1147 652; x_wconf 88' lang='lat' dir='ltr'>Sopbologii,</span> <span class='ocrx_word' id='word_1_14' title='bbox 1163 585 1227 638; x_wconf 84' lang='lat' dir='ltr'>vn.</span> <span class='ocrx_word' id='word_1_15' title='bbox 1237 569 1290 636; x_wconf 74' lang='lat'>12.</span> 
     </span>
     <span class='ocr_line' id='line_1_3' title="bbox 188 667 1290 754; baseline -0.001 -19"><span class='ocrx_word' id='word_1_16' title='bbox 188 675 313 752; x_wconf 78' lang='lat' dir='ltr'>preater</span> <span class='ocrx_word' id='word_1_17' title='bbox 326 669 413 734; x_wconf 82' lang='lat' dir='ltr'>alios</span> <span class='ocrx_word' id='word_1_18' title='bbox 428 669 603 752; x_wconf 87' lang='lat' dir='ltr'>quosdam,</span> <span class='ocrx_word' id='word_1_19' title='bbox 626 670 684 752; x_wconf 90' lang='lat' dir='ltr'>qni</span> <span class='ocrx_word' id='word_1_20' title='bbox 705 669 810 734; x_wconf 85' lang='lat' dir='ltr'>vitam</span> <span class='ocrx_word' id='word_1_21' title='bbox 830 667 997 734; x_wconf 76' lang='lat' dir='ltr'>Martialis</span> <span class='ocrx_word' id='word_1_22' title='bbox 1012 670 1290 754; x_wconf 86' lang='lat' dir='ltr'>conscripserunt.</span> 
     </span>
     <span class='ocr_line' id='line_1_4' title="bbox 189 768 1288 854; baseline 0.003 -22"><span class='ocrx_word' id='word_1_23' title='bbox 189 768 295 848; x_wconf 83' lang='lat' dir='ltr'>Quod</span> <span class='ocrx_word' id='word_1_24' title='bbox 309 787 429 833; x_wconf 89' lang='lat' dir='ltr'>nomen</span> <span class='ocrx_word' id='word_1_25' title='bbox 443 787 488 833; x_wconf 87' lang='lat' dir='ltr'>an</span> <span class='ocrx_word' id='word_1_26' title='bbox 502 770 702 852; x_wconf 87' lang='lat' dir='ltr'>gentilitium</span> <span class='ocrx_word' id='word_1_27' title='bbox 716 771 770 848; x_wconf 86' lang='lat' dir='ltr'>sit,</span> <span class='ocrx_word' id='word_1_28' title='bbox 785 789 829 834; x_wconf 87' lang='lat' dir='ltr'>an</span> <span class='ocrx_word' id='word_1_29' title='bbox 843 770 1059 854; x_wconf 89' lang='lat' dir='ltr'>posthumum</span> <span class='ocrx_word' id='word_1_30' title='bbox 1074 777 1108 835; x_wconf 88' lang='lat' dir='ltr'>et</span> <span class='ocrx_word' id='word_1_31' title='bbox 1120 771 1288 837; x_wconf 90' lang='lat' dir='ltr'>hominum</span> 
     </span>
     <span class='ocr_line' id='line_1_5' title="bbox 189 869 1288 955; baseline 0.004 -20"><span class='ocrx_word' id='word_1_32' title='bbox 189 871 305 936; x_wconf 89' lang='lat' dir='ltr'>studio</span> <span class='ocrx_word' id='word_1_33' title='bbox 326 869 480 948; x_wconf 91' lang='lat' dir='ltr'>inditum,</span> <span class='ocrx_word' id='word_1_34' title='bbox 505 890 573 935; x_wconf 96' lang='lat' dir='ltr'>non</span> <span class='ocrx_word' id='word_1_35' title='bbox 596 871 746 936; x_wconf 90' lang='lat' dir='ltr'>decerno.</span> <span class='ocrx_word' id='word_1_36' title='bbox 799 871 885 934; x_wconf 86' lang='lat' dir='ltr'><strong>Sunt</strong></span> <span class='ocrx_word' id='word_1_37' title='bbox 909 872 967 955; x_wconf 92' lang='lat' dir='ltr'>qni</span> <span class='ocrx_word' id='word_1_38' title='bbox 987 877 1146 938; x_wconf 79' lang='lat' dir='ltr'><strong>censeant</strong></span> <span class='ocrx_word' id='word_1_39' title='bbox 1168 891 1189 938; x_wconf 87' lang='lat' dir='ltr'>a</span> <span class='ocrx_word' id='word_1_40' title='bbox 1211 893 1288 939; x_wconf 85' lang='lat' dir='ltr'>con-</span> 
     </span>
     <span class='ocr_line' id='line_1_6' title="bbox 188 970 1289 1060; baseline 0.003 -24"><span class='ocrx_word' id='word_1_41' title='bbox 188 971 303 1049; x_wconf 83' lang='lat' dir='ltr'>viviis,</span> <span class='ocrx_word' id='word_1_42' title='bbox 328 991 407 1055; x_wconf 73' lang='lat' dir='ltr'>quae</span> <span class='ocrx_word' id='word_1_43' title='bbox 428 971 618 1056; x_wconf 86' lang='lat' dir='ltr'>frequenter</span> <span class='ocrx_word' id='word_1_44' title='bbox 646 971 802 1049; x_wconf 79' lang='lat' dir='ltr'>celebrat,</span> <span class='ocrx_word' id='word_1_45' title='bbox 831 971 966 1048; x_wconf 89' lang='lat' dir='ltr'>Xeniis,</span> <span class='ocrx_word' id='word_1_46' title='bbox 996 970 1289 1060; x_wconf 84' lang='lat' dir='ltr'>Apophoretisque</span> 
     </span>
     <span class='ocr_line' id='line_1_7' title="bbox 188 1073 1367 1159; baseline 0.002 -21"><span class='ocrx_word' id='word_1_47' title='bbox 188 1074 255 1139; x_wconf 90' lang='lat' dir='ltr'>boc</span> <span class='ocrx_word' id='word_1_48' title='bbox 267 1073 318 1138; x_wconf 91' lang='lat' dir='ltr'>illi</span> <span class='ocrx_word' id='word_1_49' title='bbox 331 1092 452 1138; x_wconf 86' lang='lat' dir='ltr'>nornen</span> <span class='ocrx_word' id='word_1_50' title='bbox 467 1073 655 1139; x_wconf 87' lang='lat' dir='ltr'>conditum:</span> <span class='ocrx_word' id='word_1_51' title='bbox 676 1073 736 1138; x_wconf 85' lang='lat' dir='ltr'>alii</span> <span class='ocrx_word' id='word_1_52' title='bbox 757 1093 794 1137; x_wconf 88' lang='lat' dir='ltr'>re</span> <span class='ocrx_word' id='word_1_53' title='bbox 815 1073 895 1158; x_wconf 83' lang='lat' dir='ltr'>ipsa</span> <span class='ocrx_word' id='word_1_54' title='bbox 915 1093 1063 1158; x_wconf 85' lang='lat' dir='ltr'>coquum</span> <span class='ocrx_word' id='word_1_55' title='bbox 1076 1075 1186 1157; x_wconf 79' lang='lat' dir='ltr'>egisse</span> <span class='ocrx_word' id='word_1_56' title='bbox 1199 1077 1289 1159; x_wconf 91' lang='lat' dir='ltr'>prin·</span> <span class='ocrx_word' id='word_1_57' title='bbox 1363 1087 1367 1105; x_wconf 90' lang='lat'>&#39;</span> 
     </span>
     <span class='ocr_line' id='line_1_8' title="bbox 189 1171 1289 1258; baseline 0.003 -20"><span class='ocrx_word' id='word_1_58' title='bbox 189 1175 282 1258; x_wconf 91' lang='lat' dir='ltr'>cipio</span> <span class='ocrx_word' id='word_1_59' title='bbox 296 1173 499 1240; x_wconf 83' lang='lat' dir='ltr'>existimant</span> <span class='ocrx_word' id='word_1_60' title='bbox 543 1173 655 1238; x_wconf 80' lang='lat' dir='ltr'>&#39;lilius</span> <span class='ocrx_word' id='word_1_61' title='bbox 669 1189 735 1237; x_wconf 87' lang='lat' dir='ltr'>vu.</span> <span class='ocrx_word' id='word_1_62' title='bbox 749 1173 804 1238; x_wconf 82' lang='lat'>21.</span> <span class='ocrx_word' id='word_1_63' title='bbox 847 1171 881 1237; x_wconf 82' lang='grc' dir='ltr'>Α</span> <span class='ocrx_word' id='word_1_64' title='bbox 899 1173 1081 1258; x_wconf 90' lang='lat' dir='ltr'>majoribus</span> <span class='ocrx_word' id='word_1_65' title='bbox 1102 1174 1289 1241; x_wconf 80' lang='lat' dir='ltr'>adbaesisse</span> 
     </span>
     <span class='ocr_line' id='line_1_9' title="bbox 187 1273 1286 1359; baseline 0.001 -19"><span class='ocrx_word' id='word_1_66' title='bbox 187 1273 237 1340; x_wconf 92' lang='lat' dir='ltr'>illi</span> <span class='ocrx_word' id='word_1_67' title='bbox 250 1274 367 1359; x_wconf 87' lang='lat' dir='ltr'>potius</span> <span class='ocrx_word' id='word_1_68' title='bbox 379 1274 579 1352; x_wconf 81' lang='lat' dir='ltr'>existimem,</span> <span class='ocrx_word' id='word_1_69' title='bbox 595 1291 655 1338; x_wconf 88' lang='lat' dir='ltr'>seu</span> <span class='ocrx_word' id='word_1_70' title='bbox 671 1291 789 1358; x_wconf 87' lang='lat' dir='ltr'>parens</span> <span class='ocrx_word' id='word_1_71' title='bbox 803 1293 936 1356; x_wconf 88' lang='lat' dir='ltr'>coquus</span> <span class='ocrx_word' id='word_1_72' title='bbox 951 1275 995 1340; x_wconf 87' lang='lat' dir='ltr'>ab</span> <span class='ocrx_word' id='word_1_73' title='bbox 1010 1273 1151 1340; x_wconf 85' lang='lat' dir='ltr'>artificio</span> <span class='ocrx_word' id='word_1_74' title='bbox 1166 1277 1286 1355; x_wconf 83' lang='lat' dir='ltr'>audiit,</span> 
     </span>
     <span class='ocr_line' id='line_1_10' title="bbox 187 1374 1285 1460; baseline 0.002 -20"><span class='ocrx_word' id='word_1_75' title='bbox 187 1393 248 1440; x_wconf 86' lang='lat' dir='ltr'>seu</span> <span class='ocrx_word' id='word_1_76' title='bbox 274 1394 298 1441; x_wconf 86' lang='lat' dir='ltr'>a</span> <span class='ocrx_word' id='word_1_77' title='bbox 324 1374 510 1460; x_wconf 87' lang='lat' dir='ltr'>majoribus</span> <span class='ocrx_word' id='word_1_78' title='bbox 539 1375 679 1458; x_wconf 89' lang='lat' dir='ltr'>accepit.</span> <span class='ocrx_word' id='word_1_79' title='bbox 724 1374 779 1440; x_wconf 91' lang='lat' dir='ltr'>Ob</span> <span class='ocrx_word' id='word_1_80' title='bbox 802 1380 869 1440; x_wconf 88' lang='lat' dir='ltr'>tam</span> <span class='ocrx_word' id='word_1_81' title='bbox 892 1393 1004 1458; x_wconf 85' lang='lat' dir='ltr'>pauca</span> <span class='ocrx_word' id='word_1_82' title='bbox 1031 1375 1285 1459; x_wconf 84' lang='lat' dir='ltr'>epigrammata,</span> 
     </span>
     <span class='ocr_line' id='line_1_11' title="bbox 186 1477 1285 1562; baseline 0.002 -22"><span class='ocrx_word' id='word_1_83' title='bbox 186 1477 312 1560; x_wconf 70' lang='lat' dir='ltr'>quilius</span> <span class='ocrx_word' id='word_1_84' title='bbox 337 1477 492 1542; x_wconf 87' lang='lat' dir='ltr'>convivia</span> <span class='ocrx_word' id='word_1_85' title='bbox 516 1477 674 1556; x_wconf 84' lang='lat' dir='ltr'>celebrat,</span> <span class='ocrx_word' id='word_1_86' title='bbox 696 1477 982 1545; x_wconf 78' lang='lat' dir='ltr'>nomenclaturam</span> <span class='ocrx_word' id='word_1_87' title='bbox 1001 1477 1089 1542; x_wconf 89' lang='lat' dir='ltr'>hanc</span> <span class='ocrx_word' id='word_1_88' title='bbox 1114 1477 1285 1562; x_wconf 89' lang='lat' dir='ltr'>indeptum</span> 
     </span>
     <span class='ocr_line' id='line_1_12' title="bbox 186 1577 1285 1662; baseline 0.001 -20"><span class='ocrx_word' id='word_1_89' title='bbox 186 1595 266 1642; x_wconf 87' lang='lat' dir='ltr'>esse</span> <span class='ocrx_word' id='word_1_90' title='bbox 278 1597 345 1642; x_wconf 94' lang='lat' dir='ltr'>non</span> <span class='ocrx_word' id='word_1_91' title='bbox 358 1583 410 1643; x_wconf 86' lang='lat' dir='ltr'>est</span> <span class='ocrx_word' id='word_1_92' title='bbox 418 1597 497 1643; x_wconf 86' lang='lat' dir='ltr'>vero</span> <span class='ocrx_word' id='word_1_93' title='bbox 510 1577 627 1642; x_wconf 90' lang='lat' dir='ltr'>simile.</span> <span class='ocrx_word' id='word_1_94' title='bbox 672 1577 728 1642; x_wconf 85' lang='lat' dir='ltr'>Ex</span> <span class='ocrx_word' id='word_1_95' title='bbox 740 1577 907 1643; x_wconf 82' lang='lat' dir='ltr'>hodiernis</span> <span class='ocrx_word' id='word_1_96' title='bbox 921 1577 1144 1662; x_wconf 86' lang='lat' dir='ltr'>scriptoribus</span> <span class='ocrx_word' id='word_1_97' title='bbox 1157 1577 1285 1644; x_wconf 84' lang='lat' dir='ltr'>Gasan-</span> 
     </span>
     <span class='ocr_line' id='line_1_13' title="bbox 184 1677 1284 1757; baseline 0.002 -15"><span class='ocrx_word' id='word_1_98' title='bbox 184 1679 306 1757; x_wconf 88' lang='lat' dir='ltr'>bonus,</span> <span class='ocrx_word' id='word_1_99' title='bbox 320 1677 410 1743; x_wconf 90' lang='lat' dir='ltr'>Rob.</span> <span class='ocrx_word' id='word_1_100' title='bbox 422 1677 543 1756; x_wconf 70' lang='lat' dir='ltr'>Titius,</span> <span class='ocrx_word' id='word_1_101' title='bbox 553 1677 728 1756; x_wconf 83' lang='lat' dir='ltr'>Claudius,</span> <span class='ocrx_word' id='word_1_102' title='bbox 740 1678 1004 1744; x_wconf 86' lang='lat' dir='ltr'>Musambertius</span> <span class='ocrx_word' id='word_1_103' title='bbox 1019 1699 1081 1743; x_wconf 90' lang='lat' dir='ltr'>seu</span> <span class='ocrx_word' id='word_1_104' title='bbox 1096 1677 1284 1757; x_wconf 82' lang='lat' dir='ltr'>Marcrlius,</span> 
     </span>
     <span class='ocr_line' id='line_1_14' title="bbox 183 1779 1284 1864; baseline 0 -20"><span class='ocrx_word' id='word_1_105' title='bbox 183 1781 307 1846; x_wconf 87' lang='lat' dir='ltr'>iterum</span> <span class='ocrx_word' id='word_1_106' title='bbox 322 1799 466 1864; x_wconf 87' lang='lat' dir='ltr'>coquum</span> <span class='ocrx_word' id='word_1_107' title='bbox 479 1779 676 1862; x_wconf 77' lang='lat' dir='ltr'>indigitant:</span> <span class='ocrx_word' id='word_1_108' title='bbox 699 1779 757 1844; x_wconf 85' lang='lat' dir='ltr'>elii</span> <span class='ocrx_word' id='word_1_109' title='bbox 779 1786 920 1864; x_wconf 80' lang='lat' dir='ltr'>negent3</span> <span class='ocrx_word' id='word_1_110' title='bbox 941 1785 1123 1862; x_wconf 88' lang='lat' dir='ltr'>natumque</span> <span class='ocrx_word' id='word_1_111' title='bbox 1139 1797 1284 1846; x_wconf 86' lang='lat' dir='ltr'>errorem</span> 
     </span>
     <span class='ocr_line' id='line_1_15' title="bbox 183 1878 1284 1964; baseline 0.001 -18"><span class='ocrx_word' id='word_1_112' title='bbox 183 1882 272 1946; x_wconf 90' lang='lat' dir='ltr'>bunc</span> <span class='ocrx_word' id='word_1_113' title='bbox 293 1900 338 1945; x_wconf 82' lang='lat' dir='ltr'>ex</span> <span class='ocrx_word' id='word_1_114' title='bbox 361 1885 518 1964; x_wconf 88' lang='lat' dir='ltr'>corrupto</span> <span class='ocrx_word' id='word_1_115' title='bbox 542 1879 727 1964; x_wconf 85' lang='lat' dir='ltr'>Lampridii</span> <span class='ocrx_word' id='word_1_116' title='bbox 752 1880 869 1946; x_wconf 89' lang='lat' dir='ltr'>codice</span> <span class='ocrx_word' id='word_1_117' title='bbox 892 1878 1085 1964; x_wconf 89' lang='lat' dir='ltr'>conjiciunt,</span> <span class='ocrx_word' id='word_1_118' title='bbox 1111 1899 1209 1963; x_wconf 88' lang='lat' dir='ltr'>quern</span> <span class='ocrx_word' id='word_1_119' title='bbox 1234 1882 1284 1948; x_wconf 90' lang='lat' dir='ltr'>ita</span> 
     </span>
     <span class='ocr_line' id='line_1_16' title="bbox 184 1978 1283 2068; baseline 0.002 -22"><span class='ocrx_word' id='word_1_120' title='bbox 184 1983 317 2064; x_wconf 85' lang='lat' dir='ltr'>legunt:</span> <span class='ocrx_word' id='word_1_121' title='bbox 351 1992 386 2045; x_wconf 85' lang='lat' dir='ltr'>ut</span> <span class='ocrx_word' id='word_1_122' title='bbox 416 1978 583 2046; x_wconf 75' lang='lat' dir='ltr'>Martialis</span> <span class='ocrx_word' id='word_1_123' title='bbox 604 2001 682 2059; x_wconf 76' lang='lat' dir='ltr'>coca,</span> <span class='ocrx_word' id='word_1_124' title='bbox 710 2001 771 2066; x_wconf 92' lang='lat' dir='ltr'>pro</span> <span class='ocrx_word' id='word_1_125' title='bbox 799 2001 929 2068; x_wconf 81' lang='lat' dir='ltr'>quoque.</span> <span class='ocrx_word' id='word_1_126' title='bbox 973 1981 1031 2046; x_wconf 85' lang='lat' dir='ltr'>Sic</span> <span class='ocrx_word' id='word_1_127' title='bbox 1060 1982 1148 2046; x_wconf 88' lang='lat' dir='ltr'>enim</span> <span class='ocrx_word' id='word_1_128' title='bbox 1177 1983 1283 2068; x_wconf 88' lang='lat' dir='ltr'>prisce</span> 
     </span>
     <span class='ocr_line' id='line_1_17' title="bbox 184 2081 1283 2168; baseline 0 -20"><span class='ocrx_word' id='word_1_129' title='bbox 184 2083 408 2148; x_wconf 81' lang='lat' dir='ltr'>scribebatur:</span> <span class='ocrx_word' id='word_1_130' title='bbox 429 2083 516 2148; x_wconf 91' lang='lat' dir='ltr'>unde</span> <span class='ocrx_word' id='word_1_131' title='bbox 538 2084 698 2149; x_wconf 74' lang='lat' dir='ltr'>cociaco</span> <span class='ocrx_word' id='word_1_132' title='bbox 721 2084 822 2167; x_wconf 90' lang='lat' dir='ltr'>coqui</span> <span class='ocrx_word' id='word_1_133' title='bbox 843 2102 913 2150; x_wconf 83' lang='lat' dir='ltr'>vox</span> <span class='ocrx_word' id='word_1_134' title='bbox 939 2081 1091 2148; x_wconf 85' lang='lat' dir='ltr'>derivata</span> <span class='ocrx_word' id='word_1_135' title='bbox 1104 2101 1146 2146; x_wconf 86' lang='lat' dir='ltr'>uc</span> <span class='ocrx_word' id='word_1_136' title='bbox 1161 2083 1283 2168; x_wconf 86' lang='lat' dir='ltr'>depra-</span> 
     </span>
     <span class='ocr_line' id='line_1_18' title="bbox 182 2181 1282 2268; baseline 0.002 -20"><span class='ocrx_word' id='word_1_137' title='bbox 182 2189 277 2248; x_wconf 79' lang='lat' dir='ltr'>vata.</span> <span class='ocrx_word' id='word_1_138' title='bbox 322 2183 493 2250; x_wconf 89' lang='lat' dir='ltr'>Meursius</span> <span class='ocrx_word' id='word_1_139' title='bbox 507 2183 549 2250; x_wconf 90' lang='lat' dir='ltr'>de</span> <span class='ocrx_word' id='word_1_140' title='bbox 574 2185 692 2268; x_wconf 88' lang='lat' dir='ltr'>gloria,</span> <span class='ocrx_word' id='word_1_141' title='bbox 708 2184 880 2250; x_wconf 80' lang='lat' dir='ltr'>Cluverius</span> <span class='ocrx_word' id='word_1_142' title='bbox 893 2184 929 2248; x_wconf 91' lang='lat' dir='ltr'>in</span> <span class='ocrx_word' id='word_1_143' title='bbox 944 2183 1016 2248; x_wconf 81' lang='lat' dir='ltr'>vita</span> <span class='ocrx_word' id='word_1_144' title='bbox 1030 2181 1149 2262; x_wconf 90' lang='lat' dir='ltr'>Persii,</span> <span class='ocrx_word' id='word_1_145' title='bbox 1164 2183 1282 2250; x_wconf 79' lang='lat' dir='ltr'>Rami-</span> 
     </span>
     <span class='ocr_line' id='line_1_19' title="bbox 182 2283 1280 2372; baseline 0.001 -22"><span class='ocrx_word' id='word_1_146' title='bbox 182 2284 290 2350; x_wconf 88' lang='lat' dir='ltr'>resius</span> <span class='ocrx_word' id='word_1_147' title='bbox 304 2283 348 2349; x_wconf 85' lang='lat' dir='ltr'>ad</span> <span class='ocrx_word' id='word_1_148' title='bbox 363 2285 457 2369; x_wconf 87' lang='lat' dir='ltr'>prim.</span> <span class='ocrx_word' id='word_1_149' title='bbox 467 2305 520 2370; x_wconf 91' lang='lat' dir='ltr'>ep.</span> <span class='ocrx_word' id='word_1_150' title='bbox 532 2292 634 2372; x_wconf 83' lang='lat' dir='ltr'>spect</span> <span class='ocrx_word' id='word_1_151' title='bbox 668 2286 738 2352; x_wconf 89' lang='lat' dir='ltr'>Sed</span> <span class='ocrx_word' id='word_1_152' title='bbox 753 2305 817 2370; x_wconf 89' lang='lat' dir='ltr'>ego</span> <span class='ocrx_word' id='word_1_153' title='bbox 832 2285 982 2350; x_wconf 90' lang='lat' dir='ltr'>codicem</span> <span class='ocrx_word' id='word_1_154' title='bbox 995 2283 1092 2348; x_wconf 89' lang='lat' dir='ltr'>illum</span> <span class='ocrx_word' id='word_1_155' title='bbox 1106 2285 1280 2370; x_wconf 88' lang='lat' dir='ltr'>antiquum</span> 
     </span>
     <span class='ocr_line' id='line_1_20' title="bbox 182 2384 1280 2472; baseline 0 -22"><span class='ocrx_word' id='word_1_156' title='bbox 182 2384 368 2469; x_wconf 73' lang='lat' dir='ltr'>Iampridii</span> <span class='ocrx_word' id='word_1_157' title='bbox 383 2393 536 2471; x_wconf 86' lang='lat' dir='ltr'>optarem</span> <span class='ocrx_word' id='word_1_158' title='bbox 549 2387 726 2472; x_wconf 87' lang='lat' dir='ltr'>inspicere,</span> <span class='ocrx_word' id='word_1_159' title='bbox 741 2393 775 2452; x_wconf 90' lang='lat' dir='ltr'>et</span> <span class='ocrx_word' id='word_1_160' title='bbox 795 2388 829 2452; x_wconf 90' lang='lat' dir='ltr'>iu</span> <span class='ocrx_word' id='word_1_161' title='bbox 851 2405 920 2450; x_wconf 86' lang='lat' dir='ltr'>rem</span> <span class='ocrx_word' id='word_1_162' title='bbox 941 2391 1136 2468; x_wconf 74' lang='lat' dir='ltr'>praesentem</span> <span class='ocrx_word' id='word_1_163' title='bbox 1158 2385 1280 2452; x_wconf 83' lang='lat' dir='ltr'>venire.</span> 
     </span>
     <span class='ocr_line' id='line_1_21' title="bbox 183 2473 1280 2565; baseline 0.002 -15"><span class='ocrx_word' id='word_1_164' title='bbox 183 2485 277 2565; x_wconf 82' lang='lat' dir='ltr'>Quid</span> <span class='ocrx_word' id='word_1_165' title='bbox 292 2487 406 2551; x_wconf 82' lang='lat' dir='ltr'>enimi</span> <span class='ocrx_word' id='word_1_166' title='bbox 427 2489 461 2552; x_wconf 92' lang='lat' dir='ltr'>in</span> <span class='ocrx_word' id='word_1_167' title='bbox 483 2487 549 2554; x_wconf 87' lang='lat' dir='ltr'>hac</span> <span class='ocrx_word' id='word_1_168' title='bbox 572 2489 650 2553; x_wconf 89' lang='lat' dir='ltr'>sola</span> <span class='ocrx_word' id='word_1_169' title='bbox 675 2507 758 2553; x_wconf 85' lang='lat' dir='ltr'>voce</span> <span class='ocrx_word' id='word_1_170' title='bbox 781 2473 929 2552; x_wconf 78' lang='lat' dir='ltr'>errarunt</span> <span class='ocrx_word' id='word_1_171' title='bbox 950 2486 1087 2565; x_wconf 86' lang='lat' dir='ltr'>librarii,</span> <span class='ocrx_word' id='word_1_172' title='bbox 1110 2485 1145 2550; x_wconf 91' lang='lat' dir='ltr'>iu</span> <span class='ocrx_word' id='word_1_173' title='bbox 1159 2487 1280 2552; x_wconf 69' lang='lat' dir='ltr'>celeus</span> 
     </span>
     <span class='ocr_line' id='line_1_22' title="bbox 180 2579 1279 2671; baseline 0.001 -20"><span class='ocrx_word' id='word_1_174' title='bbox 180 2587 358 2652; x_wconf 62' lang='lat' dir='ltr'>mandate</span> <span class='ocrx_word' id='word_1_175' title='bbox 374 2587 601 2671; x_wconf 84' lang='lat' dir='ltr'>scripseruntt</span> <span class='ocrx_word' id='word_1_176' title='bbox 624 2586 728 2652; x_wconf 82' lang='lat' dir='ltr'>Aliud</span> <span class='ocrx_word' id='word_1_177' title='bbox 752 2594 816 2664; x_wconf 87' lang='lat' dir='ltr'>est,</span> <span class='ocrx_word' id='word_1_178' title='bbox 841 2579 934 2671; x_wconf 75' lang='lat' dir='ltr'>quod</span> <span class='ocrx_word' id='word_1_179' title='bbox 947 2593 1138 2664; x_wconf 84' lang='lat' dir='ltr'>memoret,</span> <span class='ocrx_word' id='word_1_180' title='bbox 1153 2595 1279 2652; x_wconf 81' lang='lat' dir='ltr'>uteem</span> 
     </span>
     <span class='ocr_line' id='line_1_23' title="bbox 180 2687 1279 2772; baseline 0.002 -21"><span class='ocrx_word' id='word_1_181' title='bbox 180 2687 378 2770; x_wconf 81' lang='lat' dir='ltr'>scripturam</span> <span class='ocrx_word' id='word_1_182' title='bbox 400 2688 449 2753; x_wconf 86' lang='lat' dir='ltr'>ila</span> <span class='ocrx_word' id='word_1_183' title='bbox 469 2687 642 2772; x_wconf 89' lang='lat' dir='ltr'>legendam</span> <span class='ocrx_word' id='word_1_184' title='bbox 664 2695 792 2772; x_wconf 86' lang='lat' dir='ltr'>putem,</span> <span class='ocrx_word' id='word_1_185' title='bbox 816 2687 905 2770; x_wconf 87' lang='lat' dir='ltr'>quod</span> <span class='ocrx_word' id='word_1_186' title='bbox 920 2687 996 2770; x_wconf 87' lang='lat' dir='ltr'>ipse</span> <span class='ocrx_word' id='word_1_187' title='bbox 1011 2687 1182 2755; x_wconf 70' lang='lat' dir='ltr'>sententiae</span> <span class='ocrx_word' id='word_1_188' title='bbox 1196 2689 1279 2754; x_wconf 94' lang='lat' dir='ltr'>ordo</span> 
     </span>
     <span class='ocr_line' id='line_1_24' title="bbox 180 2771 1279 2874; baseline -0.001 -21"><span class='ocrx_word' id='word_1_189' title='bbox 180 2787 347 2854; x_wconf 67' lang='lat' dir='ltr'>dmideret</span> <span class='ocrx_word' id='word_1_190' title='bbox 367 2809 496 2874; x_wconf 82' lang='lat' dir='ltr'>quoque.</span> <span class='ocrx_word' id='word_1_191' title='bbox 530 2771 596 2853; x_wconf 58' lang='lat' dir='ltr'>&#39;Sic</span> <span class='ocrx_word' id='word_1_192' title='bbox 622 2789 712 2852; x_wconf 90' lang='lat' dir='ltr'>enim</span> <span class='ocrx_word' id='word_1_193' title='bbox 732 2787 963 2871; x_wconf 84' lang='lat' dir='ltr'>Lampridius:</span> <span class='ocrx_word' id='word_1_194' title='bbox 998 2785 1158 2874; x_wconf 79' lang='lat' dir='ltr'>‘idcirco</span> <span class='ocrx_word' id='word_1_195' title='bbox 1185 2788 1279 2872; x_wconf 92' lang='lat' dir='ltr'>quod</span> 
     </span>
     <span class='ocr_line' id='line_1_25' title="bbox 179 2887 1278 2974; baseline 0.003 -22"><span class='ocrx_word' id='word_1_196' title='bbox 179 2889 276 2956; x_wconf 89' lang='lat' dir='ltr'>multi</span> <span class='ocrx_word' id='word_1_197' title='bbox 291 2895 420 2973; x_wconf 87' lang='lat' dir='ltr'>septem</span> <span class='ocrx_word' id='word_1_198' title='bbox 435 2891 553 2956; x_wconf 88' lang='lat' dir='ltr'>diebus</span> <span class='ocrx_word' id='word_1_199' title='bbox 573 2890 730 2974; x_wconf 85' lang='lat' dir='ltr'>pulchros</span> <span class='ocrx_word' id='word_1_200' title='bbox 743 2907 821 2953; x_wconf 89' lang='lat' dir='ltr'>esse</span> <span class='ocrx_word' id='word_1_201' title='bbox 843 2887 958 2953; x_wconf 88' lang='lat' dir='ltr'>dicunt</span> <span class='ocrx_word' id='word_1_202' title='bbox 970 2907 1042 2966; x_wconf 87' lang='lat' dir='ltr'>eos,</span> <span class='ocrx_word' id='word_1_203' title='bbox 1057 2889 1116 2972; x_wconf 91' lang='lat' dir='ltr'>qui</span> <span class='ocrx_word' id='word_1_204' title='bbox 1130 2889 1278 2973; x_wconf 88' lang='lat' dir='ltr'>leporem</span> 
     </span>
     <span class='ocr_line' id='line_1_26' title="bbox 180 2989 1278 3074; baseline -0.002 -18"><span class='ocrx_word' id='word_1_205' title='bbox 180 2990 395 3068; x_wconf 84' lang='lat' dir='ltr'>comederint,</span> <span class='ocrx_word' id='word_1_206' title='bbox 424 2995 459 3056; x_wconf 87' lang='lat' dir='ltr'>ut</span> <span class='ocrx_word' id='word_1_207' title='bbox 496 2989 664 3056; x_wconf 85' lang='lat' dir='ltr'>Martialis</span> <span class='ocrx_word' id='word_1_208' title='bbox 692 3009 827 3074; x_wconf 90' lang='lat' dir='ltr'>qnoque</span> <span class='ocrx_word' id='word_1_209' title='bbox 856 2989 1061 3074; x_wconf 86' lang='lat' dir='ltr'>epigramma</span> <span class='ocrx_word' id='word_1_210' title='bbox 1090 2989 1278 3072; x_wconf 63' lang='lat' dir='ltr'>siguificat?</span> 
     </span>
     <span class='ocr_line' id='line_1_27' title="bbox 178 3087 1278 3175; baseline -0.003 -20"><span class='ocrx_word' id='word_1_211' title='bbox 178 3089 377 3174; x_wconf 77' lang='lat' dir='ltr'>cognoscis,</span> <span class='ocrx_word' id='word_1_212' title='bbox 391 3091 507 3170; x_wconf 86' lang='lat' dir='ltr'>lector,</span> <span class='ocrx_word' id='word_1_213' title='bbox 522 3111 623 3175; x_wconf 85' lang='lat' dir='ltr'>qnam</span> <span class='ocrx_word' id='word_1_214' title='bbox 637 3099 825 3175; x_wconf 90' lang='lat' dir='ltr'>opportune</span> <span class='ocrx_word' id='word_1_215' title='bbox 838 3089 939 3155; x_wconf 89' lang='lat' dir='ltr'>cadat</span> <span class='ocrx_word' id='word_1_216' title='bbox 956 3090 1011 3153; x_wconf 89' lang='lat' dir='ltr'>hic</span> <span class='ocrx_word' id='word_1_217' title='bbox 1032 3089 1115 3154; x_wconf 91' lang='lat' dir='ltr'>illud</span> <span class='ocrx_word' id='word_1_218' title='bbox 1137 3087 1278 3174; x_wconf 66' lang='lat' dir='ltr'>quoquetl</span> 
     </span>
     <span class='ocr_line' id='line_1_28' title="bbox 178 3189 1276 3276; baseline 0 -20"><span class='ocrx_word' id='word_1_219' title='bbox 178 3189 382 3275; x_wconf 72' lang='lat' dir='ltr'>Scriptorum</span> <span class='ocrx_word' id='word_1_220' title='bbox 410 3211 486 3275; x_wconf 87' lang='lat' dir='ltr'>ergo</span> <span class='ocrx_word' id='word_1_221' title='bbox 516 3192 659 3276; x_wconf 86' lang='lat' dir='ltr'>priscam</span> <span class='ocrx_word' id='word_1_222' title='bbox 689 3190 860 3257; x_wconf 84' lang='lat' dir='ltr'>confirmat</span> <span class='ocrx_word' id='word_1_223' title='bbox 886 3189 963 3274; x_wconf 86' lang='lat' dir='ltr'>ipsa</span> <span class='ocrx_word' id='word_1_224' title='bbox 988 3189 1090 3254; x_wconf 86' lang='lat' dir='ltr'>series</span> <span class='ocrx_word' id='word_1_225' title='bbox 1117 3195 1151 3255; x_wconf 91' lang='lat' dir='ltr'>et</span> <span class='ocrx_word' id='word_1_226' title='bbox 1179 3209 1276 3257; x_wconf 89' lang='lat' dir='ltr'>mens</span> 
     </span>
     <span class='ocr_line' id='line_1_29' title="bbox 177 3292 1276 3376; baseline 0.001 -20"><span class='ocrx_word' id='word_1_227' title='bbox 177 3293 364 3358; x_wconf 83' lang='lat' dir='ltr'>verborum.</span> <span class='ocrx_word' id='word_1_228' title='bbox 407 3293 481 3358; x_wconf 85' lang='lat' dir='ltr'>Etsi</span> <span class='ocrx_word' id='word_1_229' title='bbox 497 3313 562 3358; x_wconf 95' lang='lat' dir='ltr'>non</span> <span class='ocrx_word' id='word_1_230' title='bbox 573 3293 764 3358; x_wconf 87' lang='lat' dir='ltr'>necessario</span> <span class='ocrx_word' id='word_1_231' title='bbox 778 3293 872 3376; x_wconf 87' lang='lat' dir='ltr'>legas</span> <span class='ocrx_word' id='word_1_232' title='bbox 885 3311 1020 3376; x_wconf 75' lang='lat' dir='ltr'>quoque:</span> <span class='ocrx_word' id='word_1_233' title='bbox 1042 3296 1177 3358; x_wconf 77' lang='lat' dir='ltr'>constat</span> <span class='ocrx_word' id='word_1_234' title='bbox 1189 3292 1276 3357; x_wconf 91' lang='lat' dir='ltr'>enim</span> 
     </span>
     <span class='ocr_line' id='line_1_30' title="bbox 174 3390 1276 3476; baseline -0.001 -18"><span class='ocrx_word' id='word_1_235' title='bbox 174 3411 297 3458; x_wconf 84' lang='lat' dir='ltr'>sensns</span> <span class='ocrx_word' id='word_1_236' title='bbox 312 3393 525 3459; x_wconf 89' lang='lat' dir='ltr'>nihilomiuus</span> <span class='ocrx_word' id='word_1_237' title='bbox 539 3395 667 3475; x_wconf 88' lang='lat' dir='ltr'>integer</span> <span class='ocrx_word' id='word_1_238' title='bbox 680 3399 714 3458; x_wconf 89' lang='lat' dir='ltr'>et</span> <span class='ocrx_word' id='word_1_239' title='bbox 727 3391 905 3476; x_wconf 85' lang='lat' dir='ltr'>perfectus,</span> <span class='ocrx_word' id='word_1_240' title='bbox 919 3392 950 3455; x_wconf 91' lang='lat' dir='ltr'>si</span> <span class='ocrx_word' id='word_1_241' title='bbox 969 3391 1062 3473; x_wconf 87' lang='lat' dir='ltr'>legas</span> <span class='ocrx_word' id='word_1_242' title='bbox 1083 3390 1160 3455; x_wconf 85' lang='lat' dir='ltr'>coci.-</span> <span class='ocrx_word' id='word_1_243' title='bbox 1181 3411 1276 3458; x_wconf 92' lang='lat' dir='ltr'>mens</span> 
     </span>
     <span class='ocr_line' id='line_1_31' title="bbox 174 3491 1275 3580; baseline -0.003 -22"><span class='ocrx_word' id='word_1_244' title='bbox 174 3499 287 3558; x_wconf 67' lang='lat' dir='ltr'>nmen</span> <span class='ocrx_word' id='word_1_245' title='bbox 310 3493 453 3558; x_wconf 87' lang='lat' dir='ltr'>inclinat</span> <span class='ocrx_word' id='word_1_246' title='bbox 474 3495 509 3558; x_wconf 92' lang='lat' dir='ltr'>in</span> <span class='ocrx_word' id='word_1_247' title='bbox 533 3514 660 3580; x_wconf 80' lang='lat' dir='ltr'>quoque.</span> <span class='ocrx_word' id='word_1_248' title='bbox 705 3491 818 3557; x_wconf 87' lang='lat' dir='ltr'>Multa</span> <span class='ocrx_word' id='word_1_249' title='bbox 839 3493 940 3558; x_wconf 85' lang='lat' dir='ltr'>etiam</span> <span class='ocrx_word' id='word_1_250' title='bbox 968 3491 1153 3556; x_wconf 86' lang='lat' dir='ltr'>Scriverius</span> <span class='ocrx_word' id='word_1_251' title='bbox 1177 3510 1275 3576; x_wconf 88' lang='lat' dir='ltr'>super</span> 
     </span>
     <span class='ocr_line' id='line_1_32' title="bbox 172 3591 1274 3679; baseline -0.003 -19"><span class='ocrx_word' id='word_1_252' title='bbox 172 3614 260 3660; x_wconf 79' lang='lat' dir='ltr'>voce</span> <span class='ocrx_word' id='word_1_253' title='bbox 274 3595 352 3660; x_wconf 93' lang='lat' dir='ltr'>coci</span> <span class='ocrx_word' id='word_1_254' title='bbox 367 3595 411 3659; x_wconf 90' lang='lat' dir='ltr'>ad</span> <span class='ocrx_word' id='word_1_255' title='bbox 426 3595 538 3679; x_wconf 83' lang='lat' dir='ltr'>Epist</span> <span class='ocrx_word' id='word_1_256' title='bbox 551 3595 673 3660; x_wconf 91' lang='lat' dir='ltr'>libror.</span> <span class='ocrx_word' id='word_1_257' title='bbox 689 3591 876 3677; x_wconf 72' lang='lat' dir='ltr'>praefixam,</span> <span class='ocrx_word' id='word_1_258' title='bbox 889 3599 925 3656; x_wconf 87' lang='lat' dir='ltr'>et</span> <span class='ocrx_word' id='word_1_259' title='bbox 940 3591 1096 3658; x_wconf 87' lang='lat' dir='ltr'>Bartlrins</span> <span class='ocrx_word' id='word_1_260' title='bbox 1111 3607 1160 3655; x_wconf 90' lang='lat' dir='ltr'>vr.</span> <span class='ocrx_word' id='word_1_261' title='bbox 1168 3592 1200 3656; x_wconf 92' lang='lat'>1.</span> <span class='ocrx_word' id='word_1_262' title='bbox 1214 3593 1274 3677; x_wconf 92' lang='lat' dir='ltr'>qni</span> 
     </span>
     <span class='ocr_line' id='line_1_33' title="bbox 174 3692 1274 3780; baseline -0.003 -19"><span class='ocrx_word' id='word_1_263' title='bbox 174 3715 295 3761; x_wconf 88' lang='lat' dir='ltr'>cocum</span> <span class='ocrx_word' id='word_1_264' title='bbox 318 3697 476 3779; x_wconf 89' lang='lat' dir='ltr'>appellat,</span> <span class='ocrx_word' id='word_1_265' title='bbox 502 3702 536 3761; x_wconf 90' lang='lat' dir='ltr'>et</span> <span class='ocrx_word' id='word_1_266' title='bbox 560 3715 662 3780; x_wconf 89' lang='lat' dir='ltr'>super</span> <span class='ocrx_word' id='word_1_267' title='bbox 683 3714 727 3759; x_wconf 89' lang='lat' dir='ltr'>ea</span> <span class='ocrx_word' id='word_1_268' title='bbox 749 3713 784 3759; x_wconf 92' lang='lat' dir='ltr'>re</span> <span class='ocrx_word' id='word_1_269' title='bbox 807 3693 960 3776; x_wconf 87' lang='lat' dir='ltr'>disputat</span> <span class='ocrx_word' id='word_1_270' title='bbox 982 3692 1166 3775; x_wconf 85' lang='lat' dir='ltr'>copiosius.</span> <span class='ocrx_word' id='word_1_271' title='bbox 1210 3692 1274 3758; x_wconf 89' lang='lat' dir='ltr'>Est</span> 
     </span>
     <span class='ocr_line' id='line_1_34' title="bbox 173 3792 1273 3880; baseline -0.002 -18"><span class='ocrx_word' id='word_1_272' title='bbox 173 3815 252 3862; x_wconf 88' lang='lat' dir='ltr'>cnm</span> <span class='ocrx_word' id='word_1_273' title='bbox 281 3797 347 3859; x_wconf 78' lang='lat' dir='ltr'>aar·</span> <span class='ocrx_word' id='word_1_274' title='bbox 374 3797 580 3877; x_wconf 71' lang='grc' dir='ltr'>ἀντονομασίαν</span> <span class='ocrx_word' id='word_1_275' title='bbox 606 3795 927 3880; x_wconf 85' lang='lat' dir='ltr'>epigrammatarius,</span> <span class='ocrx_word' id='word_1_276' title='bbox 955 3798 992 3858; x_wconf 90' lang='lat' dir='ltr'>ut</span> <span class='ocrx_word' id='word_1_277' title='bbox 1020 3792 1191 3858; x_wconf 87' lang='lat' dir='ltr'>Homerus</span> <span class='ocrx_word' id='word_1_278' title='bbox 1220 3795 1273 3860; x_wconf 88' lang='lat' dir='ltr'>rel</span> 
     </span>
     <span class='ocr_line' id='line_1_35' title="bbox 172 3893 1274 3986; baseline -0.003 -25"><span class='ocrx_word' id='word_1_279' title='bbox 172 3895 336 3986; x_wconf 86' lang='lat' dir='ltr'>Virgilius</span> <span class='ocrx_word' id='word_1_280' title='bbox 357 3895 471 3981; x_wconf 75' lang='lat' dir='ltr'>potita,</span> <span class='ocrx_word' id='word_1_281' title='bbox 497 3895 744 3962; x_wconf 80' lang='lat' dir='ltr'>Demosthenes</span> <span class='ocrx_word' id='word_1_282' title='bbox 767 3895 824 3960; x_wconf 85' lang='lat' dir='ltr'>vel</span> <span class='ocrx_word' id='word_1_283' title='bbox 849 3893 967 3959; x_wconf 85' lang='lat' dir='ltr'>Cicero</span> <span class='ocrx_word' id='word_1_284' title='bbox 990 3897 1111 3971; x_wconf 90' lang='lat' dir='ltr'>orator,</span> <span class='ocrx_word' id='word_1_285' title='bbox 1124 3893 1274 3977; x_wconf 86' lang='lat' dir='ltr'>philoso-</span> 
     </span>
     <span class='ocr_line' id='line_1_36' title="bbox 171 3994 1271 4082; baseline -0.006 -18"><span class='ocrx_word' id='word_1_286' title='bbox 171 3999 260 4082; x_wconf 90' lang='lat' dir='ltr'>pbns</span> <span class='ocrx_word' id='word_1_287' title='bbox 288 3997 500 4077; x_wconf 85' lang='lat' dir='ltr'>Aristoteles,</span> <span class='ocrx_word' id='word_1_288' title='bbox 524 3999 653 4064; x_wconf 87' lang='lat' dir='ltr'>dicitur.</span> <span class='ocrx_word' id='word_1_289' title='bbox 711 3997 892 4062; x_wconf 87' lang='lat' dir='ltr'>Parentum</span> <span class='ocrx_word' id='word_1_290' title='bbox 914 3996 1060 4072; x_wconf 89' lang='lat' dir='ltr'>nomina,</span> <span class='ocrx_word' id='word_1_291' title='bbox 1085 3994 1151 4059; x_wconf 86' lang='lat' dir='ltr'>nisi</span> <span class='ocrx_word' id='word_1_292' title='bbox 1179 3995 1271 4059; x_wconf 88' lang='lat' dir='ltr'>filins</span> 
     </span>
     <span class='ocr_line' id='line_1_37' title="bbox 171 4093 1272 4183; baseline -0.005 -17"><span class='ocrx_word' id='word_1_293' title='bbox 171 4103 357 4176; x_wconf 84' lang='lat' dir='ltr'>cantasset,</span> <span class='ocrx_word' id='word_1_294' title='bbox 381 4099 551 4166; x_wconf 86' lang='lat' dir='ltr'>oblivione</span> <span class='ocrx_word' id='word_1_295' title='bbox 574 4099 709 4183; x_wconf 87' lang='lat' dir='ltr'>sepulta</span> <span class='ocrx_word' id='word_1_296' title='bbox 730 4097 902 4182; x_wconf 85' lang='lat' dir='ltr'>jacerent:</span> <span class='ocrx_word' id='word_1_297' title='bbox 932 4095 989 4162; x_wconf 91' lang='lat' dir='ltr'>lib.</span> <span class='ocrx_word' id='word_1_298' title='bbox 1012 4112 1045 4160; x_wconf 85' lang='lat' dir='ltr'>v.</span> <span class='ocrx_word' id='word_1_299' title='bbox 1068 4093 1272 4176; x_wconf 79' lang='lat' dir='ltr'>immortalia</span> 
     </span>
     <span class='ocr_line' id='line_1_38' title="bbox 170 4199 455 4285; baseline 0.004 -19"><span class='ocrx_word' id='word_1_300' title='bbox 170 4199 319 4268; x_wconf 85' lang='lat' dir='ltr'>reddidit</span> <span class='ocrx_word' id='word_1_301' title='bbox 334 4220 388 4285; x_wconf 90' lang='lat' dir='ltr'>ep.</span> <span class='ocrx_word' id='word_1_302' title='bbox 401 4200 455 4267; x_wconf 77' lang='lat'>34.</span> 
     </span>
    </p>
   </div>
   <div class='ocr_carea' id='block_1_3' title="bbox 0 0 1522 4902">
    <p class='ocr_par' dir='ltr' id='par_1_3' title="bbox 0 0 1522 4902">
     <span class='ocr_line' id='line_1_39' title="bbox 0 0 1522 4902; baseline 0 6"><span class='ocrx_word' id='word_1_303' title='bbox 0 0 1522 4902; x_wconf 95' lang='lat' dir='ltr'> </span> 
     </span>
    </p>
   </div>
  </div>
 </body>
</html>
