3034 4902
279 365 321 430 iti
582 374 621 422 u.
644 372 728 420 vsu.
753 370 959 419 minumus
984 371 1082 419 vius.

280 522 394 595 vitem,
416 533 517 600 quom
536 516 569 579 iu
594 515 702 598 petris
721 514 881 598 speravit,
900 513 1042 594 iuvenit3
1062 513 1166 579 irnmo
1181 513 1373 580 cuntorum

279 619 484 703 municipum
507 617 610 682 doute
632 617 796 682 laceratus
817 613 966 694 assidue,
985 633 1030 680 ox
1045 613 1251 698 egritudm,
1267 615 1372 696 credo,

279 721 382 790 enimi
394 721 545 786 morbum
565 717 731 801 concepit,
746 723 781 784 ot
793 717 903 803 periit.
948 713 1039 781 Num
1062 715 1167 801 poulo
1189 721 1278 800 post,
1302 717 1374 802 ejus

277 828 415 888 mortem
443 821 576 886 Plinius
599 819 742 904 eleganti
765 819 810 885 od
836 819 993 884 Priscum
1013 819 1156 902 epistole
1180 819 1373 903 deploravit,

278 925 445 1008 simulque
466 924 556 989 vdut
582 923 736 988 funebria
762 920 934 1007 persolvit.
989 919 1115 986 Funus
1138 920 1207 987 cris
1237 927 1271 986 et
1293 937 1375 987 roco

277 1027 365 1092 virili
380 1027 454 1103 suit,
477 1025 587 1110 piloso
602 1029 636 1089 et
650 1023 778 1088 hirsuto
792 1041 946 1108 corporo,
961 1027 998 1088 ut
1012 1021 1074 1088 ille
1086 1041 1167 1106 gens
1182 1023 1374 1109 plerumque

278 1128 371 1194 solet
416 1126 497 1192 Hoc
512 1125 616 1209 poiits
630 1124 790 1204 ostendit,
805 1143 881 1191 oum
897 1141 936 1190 x.
958 1125 1015 1192 tib.
1035 1123 1289 1191 Gurmeuionenr
1303 1143 1373 1191 cor·

277 1231 341 1314 pit,
358 1245 461 1314 suque
475 1227 589 1312 ipsum
603 1226 769 1311 depingit:

493 1327 661 1412 Hisponis
673 1347 737 1413 ego
751 1335 934 1396 contumax
949 1329 1094 1413 capillis,

494 1429 648 1494 Hirsutis
661 1449 726 1512 ego
738 1430 890 1500 omuibus
911 1430 1078 1515 goanue.

495 1529 545 1594 Os
559 1530 701 1594 bloesom
717 1530 791 1608 tihi,
802 1530 987 1614 debilisque
1000 1530 1116 1613 lingue
1129 1537 1199 1596 ost:

494 1629 606 1697 Nobis
619 1631 690 1697 iilia
702 1632 819 1698 fortius
832 1631 996 1717 loquetur.

321 1733 535 1818 scripserunt
555 1733 694 1799 eundern
714 1733 881 1801 Martialis
894 1735 999 1800 vitun
1019 1731 1231 1812 caldoribus,
1254 1730 1376 1818 Sipon-

279 1837 379 1915 tinus,
395 1835 561 1918 Georgius
574 1833 839 1914 Alexandrinus,
862 1835 986 1902 Petrus
999 1834 1160 1914 Crinitus,
1183 1839 1216 1899 et
1235 1833 1293 1899 ulii
1314 1831 1376 1898 bos

278 1938 393 2002 secuti.
437 1933 515 2001 Nos
529 1953 574 2000 ox
592 1935 670 2020 ipso
691 1935 848 2003 Martiale
864 1935 1060 2002 Martialem
1073 1934 1242 2002 voluimus
1255 1931 1373 2016 depin-

277 2057 366 2120 gere.
410 2035 490 2104 Hoo
504 2037 680 2102 muntissae
694 2037 771 2103 loco
785 2037 961 2116 adimus,
972 2035 1174 2122 quibusdum
1188 2033 1376 2099 hlurb'slstn

278 2138 390 2203 uisum
404 2156 482 2203 esso
504 2157 610 2222 prope
625 2135 862 2204 Christianum.
905 2135 1035 2222 Accipe
1054 2153 1102 2202 ex
1122 2134 1312 2220 periphrasi
1325 2153 1378 2200 se·

278 2238 387 2303 cundo
409 2237 585 2303 iuvenalis
601 2235 752 2304 Clutorii
774 2240 894 2305 verbu:
916 2243 927 2274 ‘
945 2237 1075 2306 Scitum
1098 2241 1152 2304 ost
1173 2256 1265 2316 vero,
1287 2235 1379 2317 bior-

280 2339 395 2404 tinleur
419 2357 487 2403 uon
509 2338 655 2402 inrisum
680 2357 759 2404 esse
782 2337 1003 2404 consumis:
1033 2357 1113 2404 num
1138 2337 1323 2402 Pudentem
1343 2343 1379 2402 et

280 2437 458 2504 Claudiani
471 2458 534 2524 per
553 2440 723 2505 nubiloso
746 2441 850 2506 besto
863 2441 986 2506 Paullo
1004 2437 1287 2525 jumndinnuun
1303 2438 1379 2522 plu·

278 2541 372 2606 rimis
384 2541 420 2606 in
434 2540 557 2606 coelom
572 2540 728 2616 lundibus
744 2541 849 2607 effert
893 2539 946 2606 Ao
961 2559 1061 2626 paene
1076 2557 1233 2622 auguror,
1256 2544 1379 2604 bemu-

278 2643 349 2706 lum
364 2640 531 2726 quendam
545 2641 627 2706 solis
650 2642 765 2706 oeterni
787 2640 1013 2708 rodiusculum
1035 2642 1092 2707 isti
1114 2639 1226 2727 poetae
1240 2640 1378 2708 tondent

279 2741 464 2806 affulsisse:
486 2742 566 2806 licet
579 2743 676 2825 plure
689 2742 765 2826 ejus
779 2743 834 2808 vol
848 2744 963 2826 priora
975 2743 1012 2807 in
1033 2742 1211 2808 luscium
1225 2749 1378 2824 vergunt,

279 2850 319 2908 ut
338 2842 439 2908 bodie
462 2843 577 2906 multis
592 2841 791 2908 Christianis
806 2843 966 2926 contigit!
1009 2843 1083 2927 Ego
1104 2847 1214 2908 temon
1231 2841 1378 2908 nondum

279 2944 433 3024 inducor,
454 2945 565 3032 uthoc
579 2945 623 3010 ud
638 2944 786 3010 oninium
800 2944 986 3024 uomitum,
1008 2945 1073 3010 nisi
1087 2945 1169 3010 nihi
1184 2943 1379 3009 sunuboret

278 3047 399 3112 certior
412 3045 507 3111 testis
517 3045 651 3111 tubulas
666 3047 753 3110 ullas
767 3046 936 3125 exhibeat,
947 3045 1037 3130 quod
1047 3043 1113 3123 hio,
1125 3061 1222 3133 qoem
1236 3043 1379 3122 cliui,

277 3155 348 3212 tutu
361 3147 499 3212 idoneus
513 3151 547 3209 ct
566 3152 704 3212 sanctos
719 3147 883 3225 videatur,
905 3165 1007 3232 wem
1027 3147 1104 3232 ipso
1124 3145 1294 3211 Martialis
1313 3151 1377 3208 ost.

279 3245 415 3310 Pudens
429 3251 540 3310 sutem
550 3244 607 3309 ille
618 3253 654 3310 et
664 3243 819 3324 claudia,
830 3235 918 3329 quos
927 3247 966 3313 S.
976 3247 1116 3312 Paullus
1127 3247 1256 3312 solvero
1265 3245 1378 3331 jubet,

277 3364 345 3409 non
367 3343 520 3410 uidentur
542 3344 579 3422 ii,
604 3363 691 3430 quos
714 3344 883 3412 hlurtiulie
912 3348 1074 3414 celebrat.
1119 3347 1199 3414 Fuit
1219 3347 1307 3412 euim
1331 3344 1377 3410 Δ.

280 3443 417 3510 Pudens
446 3443 629 3525 Martialis,
658 3449 805 3513 centurio
834 3449 999 3534 protenus
1026 3455 1063 3516 ot
1091 3447 1246 3532 Encolpo
1272 3463 1378 3532 puero

277 3547 518 3630 transcriptus,
544 3567 612 3611 non
636 3547 867 3634 philosophus.
911 3551 1084 3618 P1aeteros
1110 3550 1219 3615 multo
1243 3549 1312 3614 illis
1340 3547 1380 3612 hi

272 3645 434 3729 juniores,
465 3647 508 3712 de
533 3647 655 3731 quihus
680 3665 730 3713 tv.
756 3649 809 3714 13.
834 3651 974 3737 plcnius.
1019 3649 1159 3716 Pudens
1183 3650 1310 3734 hospes
1337 3647 1380 3714 S.

276 3745 369 3811 Petri
395 3747 519 3813 ordinis
538 3747 611 3832 jam
636 3755 708 3814 tnnr
732 3752 907 3831 senatorii,
935 3769 1002 3818 non
1032 3753 1192 3818 centurio.
1235 3749 1381 3816 Fabulis

275 3865 354 3929 ergo
367 3849 511 3928 genius,
522 3869 597 3933 qum
606 3858 741 3916 nunant
751 3852 957 3922 Britannico
969 3855 1196 3940 antiquitates,
1206 3873 1229 3919 u
1238 3851 1380 3938 nemis

276 3947 493 4033 scriptoribus
507 3951 727 4018 concinnatus.
