3034 4902
253 411 296 476 12
613 427 651 472 ιι.
675 427 760 475 vsu.
785 425 995 475 ulnrrrurs

316 569 416 636 Hanc
431 567 493 634 tibi
510 568 637 634 Fronto
651 577 760 656 puter,
775 569 916 654 genitrix
932 567 1095 636 Flaccilla
1109 569 1266 654 puellam.

252 673 429 738 Potentem
443 677 556 736 tamen
567 671 729 736 affirmant
738 669 844 754 aliqui
856 689 1001 755 coquum
1013 669 1140 736 dictum
1151 671 1353 753 lectumque.

253 773 403 838 Uxorem
417 772 538 837 habuit
551 771 707 840 Clodiam
724 771 923 840 Marcellam
946 792 990 837 ex
1010 779 1108 856 gente
1123 773 1269 852 Claudia
1283 771 1355 855 ple·

254 876 345 954 beia,
360 874 420 938 lib.
435 889 506 937 ιιιι.
521 873 576 940 21.
1072 943 1076 950 .

340 975 552 1060 Municipem
565 975 666 1061 rigidi
681 976 757 1062 qnis
770 983 815 1056 te,
830 975 1007 1055 Marcella,
1022 976 1167 1054 Salonis,

384 1077 430 1143 Et
442 1077 586 1162 genitam
597 1079 719 1144 noeais
735 1077 812 1162 quis
826 1081 923 1163 putet
936 1097 1013 1144 csse
1027 1077 1135 1144 locist

257 1187 293 1245 et
306 1197 405 1246 mox:

314 1279 391 1344 “fc
407 1279 478 1344 cito
493 1277 614 1344 ridebit
628 1279 819 1363 peregrinus
834 1277 956 1344 Clodia
970 1285 1100 1364 partus,

385 1379 576 1445 Romanam
587 1379 689 1446 ducat
700 1397 804 1463 quam
818 1381 927 1462 magis
940 1398 1017 1444 esso
1030 1397 1161 1444 nurum.

257 1481 311 1546 lta
324 1480 487 1549 distichon
509 1481 573 1546 boc
596 1479 677 1564 legit
697 1479 874 1565 Iosephus
897 1479 1049 1562 Scaliger
1073 1478 1119 1544 ad
1139 1478 1222 1544 illud
1242 1479 1357 1546 Catul-

258 1583 404 1648 lienum:

387 1681 498 1748 Dulce
511 1679 619 1748 rideat
635 1682 680 1747 ad
693 1688 830 1766 patrem.

260 1781 315 1848 Ex
331 1783 489 1849 Martiale
508 1789 621 1848 tamen
644 1781 760 1860 discis,
780 1782 936 1849 Clodiam
958 1781 1046 1848 banc
1070 1780 1267 1846 Marcellam
1290 1801 1359 1848 non

227 1911 231 1924 ·
259 1885 466 1962 Romam,
491 1885 550 1948 sed
579 1883 769 1968 Hispanam
791 1891 828 1964 et
854 1883 1082 1950 Bilbililanam
1105 1883 1214 1966 patria
1236 1881 1360 1969 fuisse3

258 1989 299 2049 ut
317 1985 434 2050 merito
457 1984 609 2050 dubitare
632 1985 761 2067 possis,
787 2003 831 2050 an
846 2005 891 2052 ex
914 1989 1012 2068 genta
1035 1983 1181 2050 Claudia
1203 1982 1362 2050 Romana

259 2085 357 2152 irrerit
370 2087 445 2152 baec
459 2084 643 2151 Marcella:
666 2105 798 2152 version
818 2105 896 2171 ergo
921 2085 1086 2150 Martialis
1110 2085 1234 2150 rectius
1252 2085 1361 2170 scrip·

260 2187 370 2264 serim,
385 2195 425 2251 nt
439 2193 519 2252 ante
539 2186 676 2252 babuit:

347 2285 506 2354 Necclto
520 2287 643 2351 ridebit
656 2288 820 2371 peregrini
835 2287 944 2370 gloria
958 2291 1086 2369 partus.

262 2385 302 2451 In
316 2387 428 2472 patria
441 2386 612 2454 laudanda
626 2393 694 2454 tam
717 2387 859 2471 diligam
881 2393 916 2452 et
938 2386 1096 2470 frequens
1121 2393 1188 2464 est,
1211 2391 1250 2452 ut
1273 2385 1362 2452 illius

263 2487 529 2553 amantissimum
544 2487 645 2554 facile
659 2489 844 2570 intelligas:
867 2506 891 2554 ι.
905 2487 963 2553 62.

347 2586 411 2666 Te,
425 2587 611 2668 liciniano,
627 2589 824 2671 gloriabitur
837 2596 968 2664 nostra,

393 2687 428 2752 N
429 2707 469 2753 cc
484 2707 538 2753 mc
554 2690 679 2755 tacebit
698 2689 845 2754 Bilbilis.

265 2788 339 2852 Lib.
352 2788 484 2866 codem,
499 2807 554 2871 ep.
569 2790 625 2853 50.

394 2887 459 2954 Vir
473 2887 652 2954 Celtiberis
665 2908 732 2954 non
747 2892 887 2958 tacende
901 2896 1066 2976 gentibus,

441 2987 642 3074 Nostraeque
655 2989 728 3055 laus
744 2991 936 3077 Hispaniae,

395 3089 541 3157 Videbis
555 3092 670 3172 ultam,
687 3093 873 3174 liciniano,
889 3097 1037 3176 Bilbilin,

438 3192 545 3276 Equis
559 3201 595 3258 et
608 3194 710 3258 arrnis
724 3196 882 3260 nobilem.

269 3293 342 3356 [ab.
358 3309 397 3356 x.
410 3291 486 3358 1⁰8.

355 3391 559 3477 Municipes,
571 3391 725 3476 Augusta
738 3395 818 3460 milri
832 3414 918 3481 quos
934 3397 1068 3462 Bilbilis
1082 3401 1150 3462 acri

398 3492 517 3558 Monte
531 3499 635 3573 creat,
649 3497 776 3582 rapidis
790 3518 875 3582 quos
890 3499 973 3564 Salo
985 3499 1090 3582 cingit
1099 3499 1215 3582 aquis;

338 3629 342 3646 ·
355 3593 485 3680 Ecquid
499 3596 579 3660 lecta
587 3595 685 3680 jurat
698 3599 800 3664 vestri
814 3619 874 3666 ros
889 3601 991 3683 glorie
1005 3599 1115 3666 vatisl

398 3695 490 3761 Num
503 3695 611 3762 decus
624 3703 660 3762 et
672 3716 803 3778 nomeu,
818 3699 976 3785 famaque
989 3709 1105 3766 vestm
1118 3718 1250 3764 snmus.

271 3795 317 3860 Bt
329 3815 409 3860 mox
423 3796 457 3860 in
471 3797 636 3880 sequenti:

400 3895 500 3960 lllinc
514 3903 547 3962 te
562 3903 634 3963 rota
648 3897 754 3978 tollet,
767 3907 802 3964 ct
816 3901 941 3967 citatus

400 3993 514 4060 Altam
529 3997 678 4076 Bilbilin,
692 4004 727 4063 ct
738 4006 833 4066 tuum
848 4002 1007 4068 Salonem

400 4093 530 4177 Quinto
545 4095 682 4164 forsitan
697 4099 816 4179 essedo
831 4102 972 4168 videbis.
