3034 4902
194 409 217 473 6
602 420 652 469 ro
676 419 875 470 unornane.
900 454 902 464 .

195 561 330 646 culpam
344 563 379 627 iu
393 561 495 628 alium
510 579 611 646 qnam
625 563 661 627 in
675 583 713 628 se
728 563 888 629 conferat
931 561 1088 630 laudato
1105 581 1184 630 sane
1198 565 1289 630 utili-

194 684 259 748 que
272 665 428 747 exemplo
442 663 608 746 castigant
620 663 720 728 hodie
735 669 950 746 eastrantqne
964 665 1137 748 nequiores
1149 665 1288 744 Po'dtas,

194 767 246 830 nti
261 771 295 830 at
307 765 397 830 huno
413 763 572 830 Nostrum
598 764 783 830 Metuens
801 763 976 838 Raderue:
999 767 1092 850 quod
1107 767 1236 832 etmihi
1252 769 1288 831 in

194 867 306 930 animo
321 873 403 931 erat.
447 865 587 945 Verum,
601 867 738 950 partim,
755 887 796 930 ne
818 886 973 950 arguerer
989 865 1148 945 difficilia,
1163 875 1198 934 et
1211 887 1287 951 qare

183 965 295 1032 ‚Delio
309 967 422 1051 aliquo
435 973 586 1034 nataturo
600 973 701 1052 atque
716 967 901 1052 Interprete
916 967 974 1052 qui
994 968 1174 1051 Sphingem
1189 987 1288 1034 acee-

192 1067 281 1151 perit
300 1087 387 1152 opus
415 1069 546 1147 habent,
572 1071 635 1134 snb
664 1075 831 1153 praetextu
850 1071 1088 1136 obscoenitatis
1114 1069 1287 1150 omisisse;

193 1169 325 1250 partim,
341 1170 522 1235 amicorum
547 1171 583 1235 id
606 1191 628 1236 a
653 1189 707 1236 me
732 1171 980 1254 efflagitantium
995 1173 1151 1256 precibus
1166 1171 1287 1248 vietus,

193 1267 334 1335 Politam
347 1271 512 1352 integrum
527 1271 627 1338 edidi.
669 1271 842 1351 Quoniam
856 1279 967 1338 autem
982 1277 993 1307 ‘
1007 1270 1163 1345 eastum,'
1178 1271 1286 1355 ipsius

193 1367 351 1435 Catulli¹⁰
360 1369 504 1453 judicio,
520 1376 530 1406 ‘
546 1371 647 1438 decet
671 1391 748 1438 esse
772 1375 865 1457 pium
891 1371 1287 1456 Podtam,’1nterpretam

78 1479 88 1494 ·
192 1469 295 1534 multo
309 1472 417 1554 magis
431 1492 510 1538 esse
525 1481 680 1558 oportere
698 1473 859 1558 judicavi,
882 1494 991 1558 neque
1007 1476 1120 1540 oleum
1142 1473 1286 1537 flammae

191 1569 321 1648 addere,
335 1591 444 1656 neque
458 1571 600 1639 Veneris
615 1576 751 1652 urticas,
766 1571 828 1637 rin
841 1577 894 1650 τὰς
908 1577 941 1638 ln
954 1581 1010 1639 τῶν
1024 1573 1146 1655 βιβλίων
1164 1571 1287 1645 ἀκάνθας

192 1667 327 1754 ἓκλῦγιιν,
341 1672 425 1735 ἀλλὰ
438 1675 478 1736 τὰ
488 1673 705 1762 χρησιμώτατα
729 1675 777 1738 καὶ
791 1675 877 1754 ἀκοῆς
890 1676 968 1755 ἄξια·
979 1685 1003 1717 ¹¹
1029 1676 1182 1742 consulto
1204 1675 1286 1758 Epi-

190 1775 1072 1862 grammataobsooeniorasilentiopraetemexi,¹²qnae
1082 1777 1187 1842 alium
1195 1775 1285 1842 malo

191 1892 292 1956 qnam
322 1894 376 1939 me
399 1876 583 1959 explicare,
613 1877 717 1942 alium
742 1877 944 1960 intelligere:
981 1897 1121 1961 quornm
1147 1877 1285 1960 quidem

190 1971 348 2040 lemmata
361 1974 513 2042 obeloin
530 1979 639 2062 priore
661 1979 806 2044 editione
830 1979 996 2056 transfixi,
1011 1999 1079 2063 quo
1100 1979 1190 2044 vada
1210 1977 1284 2043 haro

190 2092 368 2159 meosque
393 2077 555 2161 scopulos
578 2081 709 2145 cautius
725 2079 904 2145 declinaret
917 2082 1042 2162 lector;
1064 2099 1131 2146 non
1145 2078 1285 2162 digitum

189 2173 234 2238 ad
247 2175 385 2259 lupanar
392 2179 527 2256 intendi,
535 2199 605 2262 qua
618 2201 672 2246 me
683 2183 850 2246 calumnia
864 2183 899 2246 in
911 2183 1035 2248 circulo
1048 2202 1110 2247 suo
1122 2181 1284 2247 Graeculo

189 2275 307 2340 nescio
332 2297 432 2360 quem
453 2287 602 2364 agyrmm
627 2302 694 2347 non
716 2283 838 2367 puduit
866 2285 1092 2368 perstringere.
1145 2280 1284 2348 Horruit

172 2375 270 2440 mihi
284 2378 414 2443 animus
429 2381 556 2464 aperire
570 2384 743 2462 sentinam,
758 2389 817 2451 aut
833 2405 968 2450 morere
982 2385 1152 2450 cloacam:
1173 2403 1283 2468 neque

189 2477 279 2541 enim
293 2479 387 2542 volni
401 2479 464 2545 hos
476 2501 553 2548 esse
572 2483 770 2551 Philaenidis
785 2487 1046 2554 commentarios
1061 2486 1283 2571 spurcidicos,

189 2577 382 2658 Sotadicos,
399 2581 661 2667 Lampsacenos,
681 2586 994 2672 Ginaadipolitanos,
1019 2587 1282 2654 Ramiresianos.

189 2677 265 2742 Illis
280 2679 393 2762 itaque
407 2687 642 2765 pretermissis
665 2707 707 2753 ao
732 2690 934 2772 suppressis,
949 2709 990 2754 ea
1012 2689 1159 2754 maxime
1173 2687 1283 2770 expli-

187 2797 263 2842 care
287 2784 387 2862 atquo
416 2801 576 2850 exornare
598 2805 688 2852 ourae
714 2790 857 2873 pretinm
885 2789 980 2867 duxi,
1008 2809 1084 2873 quaa
1113 2788 1280 2860 sublimia,

103 2941 106 2948 ,
187 2884 301 2956 aenta,
325 2880 444 2958 mellis,
468 2883 604 2967 leporis,
627 2887 858 2972 piperataeque
880 2888 1049 2954 facundiae
1060 2897 1083 2937 ¹³
1112 2890 1223 2973 plena,
1248 2889 1282 2951 in

186 2979 310 3063 quibus
323 2979 482 3048 ferventis
495 2982 624 3051 fulmen
639 2987 762 3070 ingenii
778 2993 814 3052 et
828 2987 921 3052 salsa
935 2987 1120 3058 dominatur
1132 2987 1281 3052 libertas.

185 3078 353 3165 Denique,
375 3102 418 3148 ne
446 3085 612 3171 proloquii
637 3086 823 3171 amplitudo
854 3089 1024 3170 angustias
1052 3087 1218 3170 regulares
1246 3093 1281 3150 et

183 3179 291 3262 ipsine
313 3183 434 3267 Myndi
455 3186 628 3252 modulum
652 3195 847 3267 excrescat3
876 3189 1046 3270 quoniam,
1066 3193 1105 3253 ut
1134 3188 1184 3253 ait
1208 3187 1280 3252 Pli-

184 3279 304 3357 muer*
316 3283 504 3367 Benignnm
517 3291 570 3351 est
584 3295 620 3352 et
634 3289 772 3372 plenum
786 3288 920 3371 ingenui
935 3288 1086 3373 pudoris,
1105 3288 1202 3354 fateri
1217 3307 1282 3372 per

185 3398 274 3463 quos
296 3383 500 3467 proieceris3
524 3388 660 3453 obnoxii
685 3398 799 3454 eontra
813 3389 917 3454 animi
938 3396 972 3455 ot
993 3391 1137 3456 inleliois
1161 3391 1281 3472 ingenii

184 3488 244 3560 est,
259 3481 459 3568 deprehendi
475 3489 509 3552 in
522 3488 613 3555 furto
627 3491 725 3556 malle
740 3511 843 3574 quam
857 3498 1011 3556 mutuum
1025 3492 1177 3556 reddere:
1199 3491 1281 3574 quia

184 3582 218 3645 in
238 3589 305 3648 tam
321 3589 440 3653 aretati
460 3589 573 3672 operis
597 3591 764 3670 instituto,
788 3593 822 3656 in
844 3612 911 3676 qno
935 3592 1101 3672 brevitati,
1120 3603 1279 3676 quantam

679 3821 786 3874 NOTAE

214 3948 245 3993 10
264 3945 423 4010 catalitta]
438 3947 593 4011 Epigr.xvr.
749 3950 823 4013 λόγῳ.
856 3949 943 4014 Epiet.
953 3949 1058 4001 linolrir.
1071 3957 1183 4015 capnt·

215 4023 244 4068 ll
266 4020 329 4068 οὔκ
343 4020 396 4081 rar,
414 4021 466 4084 te]
494 4023 619 4086 Ulpianus
639 4025 709 4089 apud
783 4029 813 4075 18
825 4025 1281 4094 Pipmaegae‚dr.]SidoninrApoll.

181 4093 336 4145 Athenaeum
347 4095 391 4145 lib.
402 4109 447 4146 xv.
458 4111 516 4160 rap.
525 4101 549 4148 8.
749 4103 794 4152 lib.
804 4117 830 4152 r.
843 4101 928 4164 spur.
939 4107 964 4154 8.

215 4175 246 4219 rr
262 4170 587 4236 prerumpere]
605 4175 709 4234 reae
783 4183 813 4228 rr
840 4179 942 4242 raro,
960 4177 1012 4242 aa]
1041 4177 1127 4244 spur
1154 4179 1187 4230 aa
1215 4181 1279 4232 Ner.

180 4247 294 4304 σωιῆσω
304 4243 710 4311 δίμεγνόμωεδυσχερὼτᾷ
749 4253 901 4304 Historiam.
