3034 4902
654 397 751 448 vica.
1198 387 1243 452 15

233 535 309 608 Vos
322 543 415 608 eritis
428 547 552 608 nostra
566 527 696 626 portus,
710 543 907 626 requiesque
921 549 1075 624 senecta,

278 647 317 712 Si
325 645 412 731 juris
426 644 548 710 inerim
561 646 632 711 otia
644 653 761 710 nostra
773 646 837 710 sui.

191 745 324 814 Amicis
347 765 428 811 usus
446 751 509 822 est,
530 751 653 828 praeter
674 742 837 824 Garates,
860 745 960 812 claris
984 752 1019 812 et
1034 751 1238 834 potentibus,

149 853 184 914 et
197 848 331 914 multis:
355 847 524 925 Stertinio,
547 866 645 931 quem
666 846 808 911 Avitum
828 854 940 926 vocat,
965 849 1126 929 Deciano,
1147 852 1239 918 Lici-

147 951 259 1027 niano,
267 949 388 1026 Stella,
400 947 544 1032 Nepote,
553 948 661 1032 Lupo,
670 948 785 1013 Plinio
789 948 934 1032 juniore,
946 947 1101 1032 Cornelio
1109 951 1239 1032 Prisco,

146 1051 240 1116 lulio
254 1051 423 1127 Martiale,
446 1048 578 1131 Regulo
593 1058 736 1127 oratore,
758 1047 980 1127 Quintiliano,
1001 1049 1141 1132 Quinto,
1157 1053 1239 1120 Ovi·

146 1151 217 1230 dio,
241 1151 416 1228 iuvenale,
432 1149 571 1216 Valerio
597 1149 734 1228 Flacco,
757 1149 852 1226 Silio,
876 1147 1054 1216 Parthenio
1083 1159 1239 1236 tyranno-
1350 1183 1356 1196 ·

147 1261 260 1332 otono,
287 1253 432 1336 aliisque
458 1252 695 1335 compluribus,
721 1269 808 1333 quos
832 1250 961 1333 passim
985 1249 1020 1314 in
1046 1254 1117 1318 suis
1136 1229 1238 1322 'libris

146 1355 280 1422 aeternis
302 1361 397 1418 omat
424 1352 557 1435 elogiis.
613 1353 668 1418 De
693 1352 805 1418 Statio
830 1352 987 1417 mirantur
1011 1353 1128 1438 aliqui,
1160 1375 1237 1423 cum

145 1455 261 1522 eodem
276 1461 428 1538 tempora
443 1453 599 1532 vixerint,
613 1454 703 1519 idem
716 1472 808 1536 saepe
817 1457 1041 1536 argumentum
1055 1456 1237 1536 tractarint,

146 1557 284 1624 eosdem
298 1557 427 1632 amicos
441 1555 611 1633 coluerint,
634 1573 693 1624 cnr
711 1553 805 1620 nulla
818 1554 973 1620 amicitie
987 1561 1066 1621 nota
1080 1557 1163 1622 inter
1176 1557 1239 1623 bos

146 1663 244 1724 extet.
293 1655 350 1721 An
371 1655 462 1740 quod
482 1657 574 1722 nulla
596 1657 772 1740 singularis
793 1656 878 1720 inter
898 1674 956 1720 eos
976 1657 1184 1723 necessitudo
1205 1663 1239 1723 et

145 1777 228 1824 usus
242 1759 323 1824 vitae
345 1757 594 1823 intercesserit't
625 1775 669 1822 an
689 1755 823 1822 occulta
845 1755 1162 1840 aliquadissensiol
1193 1777 1237 1824 an

145 1857 347 1942 ingeniorum
358 1859 612 1938 studiamores,
623 1863 752 1924 natura
763 1857 929 1926 diversae‘l
950 1877 993 1923 au
1003 1859 1093 1944 qnod
1107 1859 1238 1928 Statius

145 1959 240 2038 celer,
262 1967 298 2026 et
319 1979 412 2045 saepe
425 1959 666 2044 extemporalis
689 1979 796 2044 prope
813 1958 928 2043 poeta,
949 1964 988 2024 ut
1001 1979 1044 2024 ex
1057 1959 1237 2044 Sylvarum

145 2059 399 2143 prefationibus
413 2060 531 2139 discis,
547 2060 661 2126 subito
675 2059 895 2143 gratularetur
907 2059 961 2125 vel
975 2060 1137 2145 Principi,
1159 2081 1237 2127 cum

145 2160 270 2245 aliquid
283 2161 362 2226 novi
376 2162 431 2227 vel
444 2161 582 2240 accidit,
591 2161 648 2228 vel
661 2159 832 2228 conditum
844 2167 910 2240 est,
923 2161 1013 2244 quod
1025 2181 1091 2227 non
1106 2161 1238 2228 videtur

145 2261 298 2344 potuisse
319 2261 498 2343 Martialis,
522 2272 583 2328 aut
603 2263 763 2328 voluisse.
807 2261 911 2342 Quod
932 2265 1041 2347 ipsum
1064 2283 1140 2330 reor
1160 2265 1238 2344 tuit,

146 2361 326 2428 cmunllus
342 2363 579 2428 familiaritatis
601 2361 706 2427 index
728 2368 789 2428 aut
810 2364 1007 2446 symbolum,
1028 2371 1086 2430 aut
1104 2374 1237 2432 contes-

144 2461 269 2526 seratio
284 2463 378 2547 apud
392 2464 572 2548 scriptores
591 2463 784 2546 reponatur.
827 2461 1013 2530 Librarium
1025 2483 1165 2548 puerum
1178 2464 1237 2530 lra-

145 2563 226 2640 bnit,
237 2560 357 2628 Afrum
370 2564 590 2642 Demetrium,
600 2583 702 2648 quem
712 2563 918 2644 moriturum,
930 2583 1006 2629 sero
1016 2563 1127 2643 nimis,
1137 2563 1237 2631 libcr-
1323 2629 1325 2634 ,

144 2667 211 2730 tate
225 2663 374 2742 donavit,
394 2665 437 2730 de
451 2683 520 2748 qno
539 2683 561 2728 ι.
575 2665 650 2730 102.

274 2765 342 2832 llla
355 2785 474 2831 manus
488 2765 658 2850 qnondam
672 2765 854 2833 studiorum
867 2767 935 2833 lida
947 2785 1109 2846 meorum,

314 2865 362 2932 Et
373 2867 455 2933 felix
468 2867 615 2945 domino,
636 2874 783 2952 uotaque
797 2866 1001 2934 Gaesudbus.

144 2967 249 3035 Gravi
272 2969 390 3034 morbo
411 2967 516 3034 semol
537 2967 711 3048 duntaxat,
732 2969 811 3034 dum
833 2968 954 3036 Minae
974 2969 1072 3048 vixit,
1092 2974 1237 3038 tentatus

145 3075 203 3148 eat,
221 3083 304 3134 viu.
316 3068 371 3135 25.

357 3169 485 3236 Vidisti
499 3171 614 3250 semel,
630 3170 801 3256 Oppiane,
823 3175 952 3236 tuntum

360 3273 499 3356 AEgrum
511 3293 566 3338 me
578 3263 687 3338 male:
709 3291 802 3356 saepe
817 3278 850 3336 te
864 3271 997 3337 videbo.

36 3453 38 3458 ,
146 3371 219 3439 lib.
236 3389 285 3437 vi.
300 3370 352 3438 58.
369 3373 486 3457 sejam
500 3393 603 3460 propa
616 3373 865 3440 conclamatum
878 3374 948 3438 ait:

229 3473 262 3539 Ο
277 3493 379 3559 quam
392 3493 489 3558 paene
503 3475 565 3540 tibi
579 3473 713 3559 Stygias
728 3492 791 3557 ego
803 3479 924 3556 raptus
938 3471 983 3538 ad
996 3471 1116 3554 undas,

271 3575 399 3660 Elysia
412 3575 483 3640 vidi
496 3575 614 3640 nubila
627 3575 725 3640 fusca
738 3574 866 3659 plagas!

193 3676 391 3742 Domitiano
416 3677 562 3756 sublato,
591 3675 774 3742 Parthenio
797 3675 986 3742 Maecenate
1015 3673 1125 3742 amico
1151 3677 1235 3744 auli·

145 3796 184 3843 oo
219 3799 242 3844 a
274 3778 438 3844 militibus
469 3777 655 3858 interiecto,
689 3797 766 3844 cum
805 3775 895 3862 apud
924 3775 1074 3844 Nervam
1108 3795 1238 3861 parum,

144 3879 232 3966 apud
264 3877 451 3966 Trajanum
484 3880 565 3946 nibil
597 3887 727 3965 posset,
759 3898 869 3945 rerum
899 3878 1100 3946 urbanarum
1132 3879 1237 3946 tudio

144 3981 296 4059 allectus,
321 3981 515 4066 nrgaufflus
544 3981 618 4066 jam
644 3981 746 4048 taedio
775 3986 810 4046 et
845 3979 936 4058 fatis,
972 3980 1117 4064 patriam
1142 3999 1238 4064 rape-

143 4083 229 4160 tivit,
253 4081 290 4146 in
319 4100 436 4166 eaque,
465 4083 619 4150 coniecto
642 4102 703 4167 per
725 4079 898 4150 biennium
919 4080 1003 4147 libro
1026 4079 1238 4159 duodecimo,

144 4188 270 4250 uaturae
302 4184 491 4252 concessit:
524 4183 749 4271 nequeenim
778 4189 848 4250 tam
876 4186 1005 4266 gratam
1032 4187 1066 4248 ot
1098 4197 1238 4248 suarem
