<?xml version="1.0" encoding="UTF-8"?>
<!DOCTYPE html PUBLIC "-//W3C//DTD XHTML 1.0 Transitional//EN"
    "http://www.w3.org/TR/xhtml1/DTD/xhtml1-transitional.dtd">
<html xmlns="http://www.w3.org/1999/xhtml" xml:lang="en" lang="en">
 <head>
  <title>
</title>
<meta http-equiv="Content-Type" content="text/html;charset=utf-8" />
  <meta name='ocr-system' content='tesseract 3.04.00' />
  <meta name='ocr-capabilities' content='ocr_page ocr_carea ocr_par ocr_line ocrx_word'/>
</head>
<body>
  <div class='ocr_page' id='page_1' title='image "./marcivaleriimar04martgoog_0031.png"; bbox 0 0 3034 4902; ppageno 0'>
   <div class='ocr_carea' id='block_1_1' title="bbox 271 387 1087 454">
    <p class='ocr_par' dir='ltr' id='par_1_1' title="bbox 271 387 1087 454">
     <span class='ocr_line' id='line_1_1' title="bbox 271 387 1087 454; baseline -0.007 0"><span class='ocrx_word' id='word_1_1' title='bbox 271 387 315 454; x_wconf 79' lang='lat'><strong>20</strong></span> <span class='ocrx_word' id='word_1_2' title='bbox 550 400 782 450; x_wconf 77' lang='lat' dir='ltr'><strong>rusrrnorua</strong></span> <span class='ocrx_word' id='word_1_3' title='bbox 808 402 855 450; x_wconf 85' lang='lat' dir='ltr'><strong>ou</strong></span> <span class='ocrx_word' id='word_1_4' title='bbox 879 399 1087 450; x_wconf 71' lang='lat' dir='ltr'><strong>asarinus.</strong></span> 
     </span>
    </p>
   </div>
   <div class='ocr_carea' id='block_1_2' title="bbox 558 548 1073 617">
    <p class='ocr_par' dir='ltr' id='par_1_2' title="bbox 558 548 1073 617">
     <span class='ocr_line' id='line_1_2' title="bbox 558 548 1073 617; baseline -0.006 -3"><span class='ocrx_word' id='word_1_5' title='bbox 558 548 668 615; x_wconf 83' lang='lat' dir='ltr'><strong>Vetus</strong></span> <span class='ocrx_word' id='word_1_6' title='bbox 683 549 896 617; x_wconf 81' lang='lat' dir='ltr'><strong>Glossarium</strong></span> <span class='ocrx_word' id='word_1_7' title='bbox 909 549 1073 614; x_wconf 72' lang='lat' dir='ltr'><strong>[aduam.</strong></span> 
     </span>
    </p>
   </div>
   <div class='ocr_carea' id='block_1_3' title="bbox 273 675 1367 1371">
    <p class='ocr_par' dir='ltr' id='par_1_3' title="bbox 316 675 1343 868">
     <span class='ocr_line' id='line_1_3' title="bbox 316 675 1343 768; baseline -0.003 -22"><span class='ocrx_word' id='word_1_8' title='bbox 316 681 448 760; x_wconf 87' lang='lat' dir='ltr'><strong>Petaso,</strong></span> <span class='ocrx_word' id='word_1_9' title='bbox 464 681 661 763; x_wconf 81' lang='lat' dir='ltr'><strong>Petasonis3</strong></span> <span class='ocrx_word' id='word_1_10' title='bbox 682 702 795 768; x_wconf 86' lang='lat' dir='ltr'><strong>perna,</strong></span> <span class='ocrx_word' id='word_1_11' title='bbox 809 683 960 747; x_wconf 84' lang='lat' dir='ltr'><strong>haconis.</strong></span> <span class='ocrx_word' id='word_1_12' title='bbox 1005 679 1173 745; x_wconf 79' lang='lat' dir='ltr'>Martialis</span> <span class='ocrx_word' id='word_1_13' title='bbox 1186 675 1343 763; x_wconf 79' lang='lat' dir='ltr'><strong>Coquus:</strong></span> 
     </span>
     <span class='ocr_line' id='line_1_4' title="bbox 446 780 1172 868; baseline 0 -22"><span class='ocrx_word' id='word_1_14' title='bbox 446 780 490 846; x_wconf 87' lang='lat' dir='ltr'><strong>Et</strong></span> <span class='ocrx_word' id='word_1_15' title='bbox 504 781 630 865; x_wconf 88' lang='lat' dir='ltr'><strong>pultem</strong></span> <span class='ocrx_word' id='word_1_16' title='bbox 647 782 781 847; x_wconf 90' lang='lat' dir='ltr'><strong>dubiam</strong></span> <span class='ocrx_word' id='word_1_17' title='bbox 796 802 872 847; x_wconf 90' lang='lat' dir='ltr'><strong>cum</strong></span> <span class='ocrx_word' id='word_1_18' title='bbox 887 789 1050 868; x_wconf 74' lang='lat' dir='ltr'><strong>petasone</strong></span> <span class='ocrx_word' id='word_1_19' title='bbox 1065 801 1172 846; x_wconf 84' lang='lat' dir='ltr'><strong>voras.</strong></span> 
     </span>
    </p>

    <p class='ocr_par' dir='ltr' id='par_1_4' title="bbox 273 879 1367 1168">
     <span class='ocr_line' id='line_1_5' title="bbox 317 879 1366 966; baseline 0 -20"><span class='ocrx_word' id='word_1_20' title='bbox 317 883 420 948; x_wconf 86' lang='lat' dir='ltr'><strong>Extat</strong></span> <span class='ocrx_word' id='word_1_21' title='bbox 433 883 508 948; x_wconf 83' lang='lat' dir='ltr'><strong>Lib.</strong></span> <span class='ocrx_word' id='word_1_22' title='bbox 525 898 581 946; x_wconf 85' lang='grc' dir='ltr'>ιιι.</span> <span class='ocrx_word' id='word_1_23' title='bbox 610 881 725 965; x_wconf 82' lang='lat' dir='ltr'><strong>Epigr.</strong></span> <span class='ocrx_word' id='word_1_24' title='bbox 739 884 794 948; x_wconf 82' lang='lat'><strong>77.</strong></span> <span class='ocrx_word' id='word_1_25' title='bbox 810 884 868 948; x_wconf 89' lang='lat' dir='ltr'><strong>ubi</strong></span> <span class='ocrx_word' id='word_1_26' title='bbox 883 885 994 966; x_wconf 84' lang='lat' dir='ltr'><strong>vulgo,</strong></span> <span class='ocrx_word' id='word_1_27' title='bbox 1017 882 1080 946; x_wconf 88' lang='lat' dir='ltr'><strong>‘Et</strong></span> <span class='ocrx_word' id='word_1_28' title='bbox 1093 883 1230 966; x_wconf 81' lang='lat' dir='ltr'>pulpam</span> <span class='ocrx_word' id='word_1_29' title='bbox 1243 879 1366 946; x_wconf 68' lang='lat' dir='ltr'><strong>dnbio!</strong></span> 
     </span>
     <span class='ocr_line' id='line_1_6' title="bbox 273 981 1367 1066; baseline -0.002 -17"><span class='ocrx_word' id='word_1_30' title='bbox 273 985 443 1049; x_wconf 79' lang='lat' dir='ltr'><strong>Laudatur</strong></span> <span class='ocrx_word' id='word_1_31' title='bbox 464 984 508 1048; x_wconf 91' lang='lat' dir='ltr'><strong>ab</strong></span> <span class='ocrx_word' id='word_1_32' title='bbox 535 983 650 1050; x_wconf 83' lang='lat' dir='ltr'><strong>eodem</strong></span> <span class='ocrx_word' id='word_1_33' title='bbox 666 981 918 1066; x_wconf 84' lang='lat' dir='ltr'><strong>Glossographo</strong></span> <span class='ocrx_word' id='word_1_34' title='bbox 930 985 1030 1049; x_wconf 82' lang='lat' dir='ltr'><strong>etiam</strong></span> <span class='ocrx_word' id='word_1_35' title='bbox 1045 983 1139 1060; x_wconf 90' lang='lat' dir='ltr'><strong>alibi,</strong></span> <span class='ocrx_word' id='word_1_36' title='bbox 1151 991 1185 1046; x_wconf 87' lang='lat' dir='ltr'><strong>et</strong></span> <span class='ocrx_word' id='word_1_37' title='bbox 1198 985 1261 1048; x_wconf 89' lang='lat' dir='ltr'><strong>snb</strong></span> <span class='ocrx_word' id='word_1_38' title='bbox 1277 982 1367 1047; x_wconf 85' lang='lat' dir='ltr'><strong>Mar·</strong></span> 
     </span>
     <span class='ocr_line' id='line_1_7' title="bbox 273 1081 1287 1168; baseline -0.003 -17"><span class='ocrx_word' id='word_1_39' title='bbox 273 1085 362 1151; x_wconf 88' lang='lat' dir='ltr'><strong>tialis</strong></span> <span class='ocrx_word' id='word_1_40' title='bbox 378 1084 487 1168; x_wconf 89' lang='lat' dir='ltr'><strong>Coqui</strong></span> <span class='ocrx_word' id='word_1_41' title='bbox 501 1084 636 1148; x_wconf 88' lang='lat' dir='ltr'><strong>nomine</strong></span> <span class='ocrx_word' id='word_1_42' title='bbox 650 1092 813 1168; x_wconf 83' lang='lat' dir='ltr'><strong>praeteroa</strong></span> <span class='ocrx_word' id='word_1_43' title='bbox 826 1083 999 1166; x_wconf 82' lang='lat' dir='ltr'><strong>longinum</strong></span> <span class='ocrx_word' id='word_1_44' title='bbox 1013 1081 1077 1148; x_wconf 90' lang='lat' dir='ltr'><strong>hoc</strong></span> <span class='ocrx_word' id='word_1_45' title='bbox 1092 1084 1287 1164; x_wconf 83' lang='lat' dir='ltr'><strong>Distichon:</strong></span> 
     </span>
    </p>

    <p class='ocr_par' dir='ltr' id='par_1_5' title="bbox 425 1182 1229 1371">
     <span class='ocr_line' id='line_1_8' title="bbox 425 1182 1229 1267; baseline 0 -18"><span class='ocrx_word' id='word_1_46' title='bbox 425 1183 572 1266; x_wconf 80' lang='lat' dir='ltr'><strong>Deiungi</strong></span> <span class='ocrx_word' id='word_1_47' title='bbox 586 1182 696 1265; x_wconf 78' lang='lat' dir='ltr'><strong>iungis</strong></span> <span class='ocrx_word' id='word_1_48' title='bbox 711 1184 871 1262; x_wconf 82' lang='lat' dir='ltr'><strong>homines,</strong></span> <span class='ocrx_word' id='word_1_49' title='bbox 888 1184 1049 1264; x_wconf 85' lang='lat' dir='ltr'><strong>Macrine,</strong></span> <span class='ocrx_word' id='word_1_50' title='bbox 1063 1186 1229 1267; x_wconf 82' lang='lat' dir='ltr'><strong>negabas:</strong></span> 
     </span>
     <span class='ocr_line' id='line_1_9' title="bbox 467 1283 967 1371; baseline -0.004 -22"><span class='ocrx_word' id='word_1_51' title='bbox 467 1361 471 1371; x_wconf 29' lang='lat'>¹</span> <span class='ocrx_word' id='word_1_52' title='bbox 488 1284 600 1350; x_wconf 85' lang='lat' dir='ltr'><strong>Boleti</strong></span> <span class='ocrx_word' id='word_1_53' title='bbox 612 1284 671 1349; x_wconf 86' lang='lat' dir='ltr'><strong>lati</strong></span> <span class='ocrx_word' id='word_1_54' title='bbox 685 1303 790 1348; x_wconf 88' lang='lat' dir='ltr'><strong>causa</strong></span> <span class='ocrx_word' id='word_1_55' title='bbox 803 1283 892 1349; x_wconf 85' lang='lat' dir='ltr'><strong>fuere</strong></span> <span class='ocrx_word' id='word_1_56' title='bbox 908 1285 967 1348; x_wconf 89' lang='lat' dir='ltr'><strong>tui.</strong></span> 
     </span>
    </p>
   </div>
   <div class='ocr_carea' id='block_1_4' title="bbox 321 1446 1335 1667">
    <p class='ocr_par' dir='ltr' id='par_1_6' title="bbox 321 1446 1335 1667">
     <span class='ocr_line' id='line_1_10' title="bbox 456 1446 1161 1534; baseline -0.007 -19"><span class='ocrx_word' id='word_1_57' title='bbox 456 1447 606 1532; x_wconf 81' lang='lat' dir='ltr'><strong>Angelus</strong></span> <span class='ocrx_word' id='word_1_58' title='bbox 622 1447 819 1525; x_wconf 82' lang='lat' dir='ltr'><strong>Politianus,</strong></span> <span class='ocrx_word' id='word_1_59' title='bbox 836 1446 1022 1513; x_wconf 86' lang='lat' dir='ltr'><strong>Miscellan.</strong></span> <span class='ocrx_word' id='word_1_60' title='bbox 1039 1469 1113 1534; x_wconf 89' lang='lat' dir='ltr'><strong>cap.</strong></span> <span class='ocrx_word' id='word_1_61' title='bbox 1128 1450 1161 1516; x_wconf 88' lang='lat'><strong>6.</strong></span> 
     </span>
     <span class='ocr_line' id='line_1_11' title="bbox 321 1580 1335 1667; baseline 0.002 -20"><span class='ocrx_word' id='word_1_62' title='bbox 321 1581 431 1648; x_wconf 86' lang='lat' dir='ltr'><strong>Nimis</strong></span> <span class='ocrx_word' id='word_1_63' title='bbox 445 1582 531 1646; x_wconf 90' lang='lat' dir='ltr'><strong>enim</strong></span> <span class='ocrx_word' id='word_1_64' title='bbox 545 1581 629 1646; x_wconf 85' lang='lat' dir='ltr'><strong>soret</strong></span> <span class='ocrx_word' id='word_1_65' title='bbox 643 1580 959 1646; x_wconf 75' lang='lat' dir='ltr'><strong>insubidasPodta:</strong></span> <span class='ocrx_word' id='word_1_66' title='bbox 982 1583 1070 1667; x_wconf 91' lang='lat' dir='ltr'><strong>quod</strong></span> <span class='ocrx_word' id='word_1_67' title='bbox 1082 1583 1175 1649; x_wconf 82' lang='lat' dir='ltr'><strong>nefas</strong></span> <span class='ocrx_word' id='word_1_68' title='bbox 1189 1584 1335 1650; x_wconf 82' lang='lat' dir='ltr'><strong>credere.</strong></span> 
     </span>
    </p>
   </div>
   <div class='ocr_carea' id='block_1_5' title="bbox 319 1745 1366 1966">
    <p class='ocr_par' dir='ltr' id='par_1_7' title="bbox 319 1745 1366 1966">
     <span class='ocr_line' id='line_1_12' title="bbox 695 1745 951 1830; baseline 0 -20"><span class='ocrx_word' id='word_1_69' title='bbox 695 1745 789 1810; x_wconf 85' lang='lat' dir='ltr'><strong>Idem</strong></span> <span class='ocrx_word' id='word_1_70' title='bbox 805 1766 883 1830; x_wconf 87' lang='lat' dir='ltr'><strong>cap.</strong></span> <span class='ocrx_word' id='word_1_71' title='bbox 898 1747 951 1812; x_wconf 81' lang='lat'><strong>52.</strong></span> 
     </span>
     <span class='ocr_line' id='line_1_13' title="bbox 319 1879 1366 1966; baseline -0.006 -19"><span class='ocrx_word' id='word_1_72' title='bbox 319 1882 408 1947; x_wconf 89' lang='lat' dir='ltr'><strong>Sane</strong></span> <span class='ocrx_word' id='word_1_73' title='bbox 423 1901 485 1966; x_wconf 85' lang='lat' dir='ltr'><strong>per</strong></span> <span class='ocrx_word' id='word_1_74' title='bbox 498 1885 603 1946; x_wconf 88' lang='lat' dir='ltr'><strong>totum</strong></span> <span class='ocrx_word' id='word_1_75' title='bbox 619 1879 832 1962; x_wconf 78' lang='lat' dir='ltr'><strong>Epigramma</strong></span> <span class='ocrx_word' id='word_1_76' title='bbox 846 1881 975 1962; x_wconf 81' lang='lat' dir='ltr'><strong>signate</strong></span> <span class='ocrx_word' id='word_1_77' title='bbox 989 1900 1071 1944; x_wconf 85' lang='lat' dir='ltr'><strong>usus</strong></span> <span class='ocrx_word' id='word_1_78' title='bbox 1086 1885 1136 1945; x_wconf 87' lang='lat' dir='ltr'><strong>ast</strong></span> <span class='ocrx_word' id='word_1_79' title='bbox 1149 1880 1259 1946; x_wconf 81' lang='lat' dir='ltr'><strong>uerbis</strong></span> <span class='ocrx_word' id='word_1_80' title='bbox 1269 1899 1366 1962; x_wconf 81' lang='lat' dir='ltr'><strong>argn-</strong></span> 
     </span>
    </p>
   </div>
   <div class='ocr_carea' id='block_1_6' title="bbox 144 1979 1364 2067">
    <p class='ocr_par' dir='ltr' id='par_1_8' title="bbox 144 1979 1364 2067">
     <span class='ocr_line' id='line_1_14' title="bbox 144 1979 1364 2067; baseline -0.006 -15"><span class='ocrx_word' id='word_1_81' title='bbox 144 2021 153 2052; x_wconf 54' lang='grc' dir='ltr'>ι</span> <span class='ocrx_word' id='word_1_82' title='bbox 276 1985 424 2048; x_wconf 84' lang='lat' dir='ltr'><strong>tissimus</strong></span> <span class='ocrx_word' id='word_1_83' title='bbox 438 1979 557 2058; x_wconf 80' lang='lat' dir='ltr'><strong>Poiita,</strong></span> <span class='ocrx_word' id='word_1_84' title='bbox 572 1983 634 2045; x_wconf 68' lang='lat' dir='ltr'><strong>&amp;a</strong></span> <span class='ocrx_word' id='word_1_85' title='bbox 656 1986 694 2044; x_wconf 91' lang='lat' dir='ltr'><strong>nt</strong></span> <span class='ocrx_word' id='word_1_86' title='bbox 709 1979 759 2043; x_wconf 83' lang='lat' dir='ltr'><strong>sic</strong></span> <span class='ocrx_word' id='word_1_87' title='bbox 782 1979 847 2044; x_wconf 88' lang='lat' dir='ltr'><strong>hoc</strong></span> <span class='ocrx_word' id='word_1_88' title='bbox 874 1979 1122 2063; x_wconf 78' lang='lat' dir='ltr'><strong>Epigrammata</strong></span> <span class='ocrx_word' id='word_1_89' title='bbox 1144 1981 1226 2046; x_wconf 86' lang='lat' dir='ltr'><strong>nihil</strong></span> <span class='ocrx_word' id='word_1_90' title='bbox 1250 1982 1364 2067; x_wconf 90' lang='lat' dir='ltr'><strong>utique</strong></span> 
     </span>
    </p>
   </div>
   <div class='ocr_carea' id='block_1_7' title="bbox 276 2084 485 2169">
    <p class='ocr_par' dir='ltr' id='par_1_9' title="bbox 276 2084 485 2169">
     <span class='ocr_line' id='line_1_15' title="bbox 276 2084 485 2169; baseline -0.019 -19"><span class='ocrx_word' id='word_1_91' title='bbox 276 2084 485 2169; x_wconf 86' lang='lat' dir='ltr'><strong>pensitatios.</strong></span> 
     </span>
    </p>
   </div>
   <div class='ocr_carea' id='block_1_8' title="bbox 463 2245 1183 2329">
    <p class='ocr_par' dir='ltr' id='par_1_10' title="bbox 463 2245 1183 2329">
     <span class='ocr_line' id='line_1_16' title="bbox 463 2245 1183 2329; baseline -0.004 -17"><span class='ocrx_word' id='word_1_92' title='bbox 463 2247 557 2312; x_wconf 89' lang='lat' dir='ltr'><strong>ldom</strong></span> <span class='ocrx_word' id='word_1_93' title='bbox 573 2248 608 2310; x_wconf 92' lang='lat' dir='ltr'><strong>in</strong></span> <span class='ocrx_word' id='word_1_94' title='bbox 625 2245 874 2312; x_wconf 84' lang='lat' dir='ltr'><strong>Declamationa</strong></span> <span class='ocrx_word' id='word_1_95' title='bbox 888 2265 950 2329; x_wconf 91' lang='lat' dir='ltr'><strong>pro</strong></span> <span class='ocrx_word' id='word_1_96' title='bbox 965 2246 1183 2326; x_wconf 85' lang='lat' dir='ltr'><strong>Quintiliano.</strong></span> 
     </span>
    </p>
   </div>
   <div class='ocr_carea' id='block_1_9' title="bbox 276 2377 1367 2666">
    <p class='ocr_par' dir='ltr' id='par_1_11' title="bbox 276 2377 1367 2666">
     <span class='ocr_line' id='line_1_17' title="bbox 319 2377 1367 2464; baseline -0.006 -15"><span class='ocrx_word' id='word_1_97' title='bbox 319 2385 368 2450; x_wconf 89' lang='lat' dir='ltr'><strong>Ut</strong></span> <span class='ocrx_word' id='word_1_98' title='bbox 389 2385 432 2448; x_wconf 86' lang='lat' dir='ltr'><strong>ab</strong></span> <span class='ocrx_word' id='word_1_99' title='bbox 453 2379 717 2464; x_wconf 83' lang='lat' dir='ltr'><strong>ingeniosissimo</strong></span> <span class='ocrx_word' id='word_1_100' title='bbox 736 2379 930 2445; x_wconf 88' lang='lat' dir='ltr'><strong>Latinorum</strong></span> <span class='ocrx_word' id='word_1_101' title='bbox 952 2377 1234 2462; x_wconf 84' lang='lat' dir='ltr'><strong>Epigrammatnm</strong></span> <span class='ocrx_word' id='word_1_102' title='bbox 1250 2377 1367 2461; x_wconf 70' lang='lat' dir='ltr'><strong>potita,</strong></span> 
     </span>
     <span class='ocr_line' id='line_1_18' title="bbox 276 2478 1367 2567; baseline -0.008 -14"><span class='ocrx_word' id='word_1_103' title='bbox 276 2495 310 2553; x_wconf 87' lang='lat' dir='ltr'><strong>et</strong></span> <span class='ocrx_word' id='word_1_104' title='bbox 325 2493 334 2522; x_wconf 88' lang='lat'>‘</span> <span class='ocrx_word' id='word_1_105' title='bbox 349 2505 445 2567; x_wconf 85' lang='lat' dir='ltr'><strong>vagae</strong></span> <span class='ocrx_word' id='word_1_106' title='bbox 456 2481 643 2566; x_wconf 82' lang='lat' dir='ltr'><strong>juventutis</strong></span> <span class='ocrx_word' id='word_1_107' title='bbox 657 2479 864 2557; x_wconf 62' lang='lat' dir='ltr'><strong>moderator}</strong></span> <span class='ocrx_word' id='word_1_108' title='bbox 883 2490 918 2545; x_wconf 87' lang='lat' dir='ltr'><strong>et</strong></span> <span class='ocrx_word' id='word_1_109' title='bbox 939 2487 950 2514; x_wconf 87' lang='lat'><em>‘</em></span> <span class='ocrx_word' id='word_1_110' title='bbox 966 2478 1127 2544; x_wconf 68' lang='lat' dir='ltr'><strong>Romanae</strong></span> <span class='ocrx_word' id='word_1_111' title='bbox 1142 2479 1248 2562; x_wconf 80' lang='lat' dir='ltr'><strong>gloria</strong></span> <span class='ocrx_word' id='word_1_112' title='bbox 1260 2479 1367 2561; x_wconf 80' lang='lat' dir='ltr'><strong>togae’</strong></span> 
     </span>
     <span class='ocr_line' id='line_1_19' title="bbox 276 2583 709 2666; baseline -0.025 -11"><span class='ocrx_word' id='word_1_113' title='bbox 276 2609 352 2654; x_wconf 87' lang='lat' dir='ltr'><strong>vere</strong></span> <span class='ocrx_word' id='word_1_114' title='bbox 366 2585 524 2651; x_wconf 87' lang='lat' dir='ltr'><strong>meruerit</strong></span> <span class='ocrx_word' id='word_1_115' title='bbox 537 2583 709 2666; x_wconf 87' lang='lat' dir='ltr'><strong>appellari.</strong></span> 
     </span>
    </p>
   </div>
   <div class='ocr_carea' id='block_1_10' title="bbox 356 2713 1272 2815">
    <p class='ocr_par' dir='ltr' id='par_1_12' title="bbox 356 2713 1272 2815">
     <span class='ocr_line' id='line_1_20' title="bbox 356 2713 1272 2815; baseline -0.007 -14"><span class='ocrx_word' id='word_1_116' title='bbox 356 2735 522 2802; x_wconf 68' lang='lat' dir='ltr'><strong>Iovianus</strong></span> <span class='ocrx_word' id='word_1_117' title='bbox 536 2733 722 2810; x_wconf 88' lang='lat' dir='ltr'><strong>Pontanus,</strong></span> <span class='ocrx_word' id='word_1_118' title='bbox 736 2713 795 2796; x_wconf 85' lang='lat' dir='ltr'><strong>lib.</strong></span> <span class='ocrx_word' id='word_1_119' title='bbox 814 2749 867 2796; x_wconf 88' lang='grc' dir='ltr'>ιιι.</span> <span class='ocrx_word' id='word_1_120' title='bbox 883 2733 927 2798; x_wconf 89' lang='lat' dir='ltr'><strong>de</strong></span> <span class='ocrx_word' id='word_1_121' title='bbox 943 2731 1113 2810; x_wconf 80' lang='lat' dir='ltr'><strong>Sermone,</strong></span> <span class='ocrx_word' id='word_1_122' title='bbox 1127 2751 1204 2815; x_wconf 85' lang='lat' dir='ltr'><strong>cap.</strong></span> <span class='ocrx_word' id='word_1_123' title='bbox 1219 2729 1272 2796; x_wconf 83' lang='lat'><strong>18.</strong></span> 
     </span>
    </p>
   </div>
   <div class='ocr_carea' id='block_1_11' title="bbox 260 2861 1369 3358">
    <p class='ocr_par' dir='ltr' id='par_1_13' title="bbox 260 2861 1369 3358">
     <span class='ocr_line' id='line_1_21' title="bbox 318 2861 1367 2949; baseline -0.007 -13"><span class='ocrx_word' id='word_1_124' title='bbox 318 2867 477 2936; x_wconf 87' lang='lat' dir='ltr'><strong>Valerius</strong></span> <span class='ocrx_word' id='word_1_125' title='bbox 487 2861 654 2930; x_wconf 84' lang='lat' dir='ltr'><strong>Martialis</strong></span> <span class='ocrx_word' id='word_1_126' title='bbox 665 2863 959 2930; x_wconf 82' lang='lat' dir='ltr'><strong>artificiosissimus</strong></span> <span class='ocrx_word' id='word_1_127' title='bbox 969 2861 1252 2948; x_wconf 76' lang='lat' dir='ltr'><strong>Epigrammatum</strong></span> <span class='ocrx_word' id='word_1_128' title='bbox 1260 2865 1367 2949; x_wconf 91' lang='lat' dir='ltr'><strong>scrip-</strong></span> 
     </span>
     <span class='ocr_line' id='line_1_22' title="bbox 276 2963 1367 3050; baseline -0.008 -13"><span class='ocrx_word' id='word_1_129' title='bbox 276 2980 341 3050; x_wconf 86' lang='lat' dir='ltr'><strong>tor,</strong></span> <span class='ocrx_word' id='word_1_130' title='bbox 364 2971 414 3034; x_wconf 86' lang='lat' dir='ltr'><strong>ita</strong></span> <span class='ocrx_word' id='word_1_131' title='bbox 433 2967 469 3031; x_wconf 92' lang='lat' dir='ltr'><strong>in</strong></span> <span class='ocrx_word' id='word_1_132' title='bbox 494 2965 537 3030; x_wconf 91' lang='lat' dir='ltr'><strong>iis</strong></span> <span class='ocrx_word' id='word_1_133' title='bbox 556 2964 692 3047; x_wconf 87' lang='lat' dir='ltr'><strong>quidem</strong></span> <span class='ocrx_word' id='word_1_134' title='bbox 703 2963 842 3048; x_wconf 85' lang='lat' dir='ltr'><strong>jocatus</strong></span> <span class='ocrx_word' id='word_1_135' title='bbox 865 2970 929 3042; x_wconf 87' lang='lat' dir='ltr'><strong>ast,</strong></span> <span class='ocrx_word' id='word_1_136' title='bbox 950 2970 989 3029; x_wconf 89' lang='lat' dir='ltr'><strong>ut</strong></span> <span class='ocrx_word' id='word_1_137' title='bbox 1012 2963 1218 3047; x_wconf 79' lang='lat' dir='ltr'><strong>frequentius</strong></span> <span class='ocrx_word' id='word_1_138' title='bbox 1239 2972 1367 3047; x_wconf 85' lang='lat' dir='ltr'><strong>carpat,</strong></span> 
     </span>
     <span class='ocr_line' id='line_1_23' title="bbox 260 3065 1368 3161; baseline -0.009 -23"><span class='ocrx_word' id='word_1_139' title='bbox 260 3093 380 3161; x_wconf 19' lang='lat' dir='ltr'><strong>&#39;quam</strong></span> <span class='ocrx_word' id='word_1_140' title='bbox 393 3069 554 3135; x_wconf 85' lang='lat' dir='ltr'><strong>delectat:</strong></span> <span class='ocrx_word' id='word_1_141' title='bbox 577 3066 707 3132; x_wconf 83' lang='lat' dir='ltr'><strong>tametsi</strong></span> <span class='ocrx_word' id='word_1_142' title='bbox 729 3087 749 3130; x_wconf 89' lang='lat' dir='ltr'><strong>e</strong></span> <span class='ocrx_word' id='word_1_143' title='bbox 771 3066 981 3132; x_wconf 84' lang='lat' dir='ltr'><strong>demorsione</strong></span> <span class='ocrx_word' id='word_1_144' title='bbox 999 3065 1076 3149; x_wconf 86' lang='lat' dir='ltr'><strong>ipsa</strong></span> <span class='ocrx_word' id='word_1_145' title='bbox 1090 3065 1267 3130; x_wconf 84' lang='lat' dir='ltr'><strong>delectatio</strong></span> <span class='ocrx_word' id='word_1_146' title='bbox 1283 3083 1368 3148; x_wconf 91' lang='lat' dir='ltr'><strong>quo·</strong></span> 
     </span>
     <span class='ocr_line' id='line_1_24' title="bbox 277 3165 1368 3259; baseline -0.005 -21"><span class='ocrx_word' id='word_1_147' title='bbox 277 3193 345 3259; x_wconf 87' lang='lat' dir='ltr'><strong>que</strong></span> <span class='ocrx_word' id='word_1_148' title='bbox 358 3172 495 3256; x_wconf 89' lang='lat' dir='ltr'><strong>paritur.</strong></span> <span class='ocrx_word' id='word_1_149' title='bbox 537 3167 668 3232; x_wconf 81' lang='lat' dir='ltr'><strong>Adhaec</strong></span> <span class='ocrx_word' id='word_1_150' title='bbox 684 3167 784 3232; x_wconf 87' lang='lat' dir='ltr'><strong>dictis</strong></span> <span class='ocrx_word' id='word_1_151' title='bbox 797 3168 871 3252; x_wconf 83' lang='lat' dir='ltr'><strong>ejus</strong></span> <span class='ocrx_word' id='word_1_152' title='bbox 893 3169 1014 3251; x_wconf 88' lang='lat' dir='ltr'><strong>partim</strong></span> <span class='ocrx_word' id='word_1_153' title='bbox 1032 3165 1263 3231; x_wconf 85' lang='lat' dir='ltr'><strong>occultissima</strong></span> <span class='ocrx_word' id='word_1_154' title='bbox 1275 3185 1368 3250; x_wconf 79' lang='lat' dir='ltr'><strong>quaa·</strong></span> 
     </span>
     <span class='ocr_line' id='line_1_25' title="bbox 277 3265 1369 3358; baseline -0.006 -20"><span class='ocrx_word' id='word_1_155' title='bbox 277 3274 354 3338; x_wconf 91' lang='lat' dir='ltr'><strong>dam</strong></span> <span class='ocrx_word' id='word_1_156' title='bbox 368 3273 482 3336; x_wconf 87' lang='lat' dir='ltr'><strong>insunt</strong></span> <span class='ocrx_word' id='word_1_157' title='bbox 496 3269 644 3353; x_wconf 89' lang='lat' dir='ltr'><strong>spicula;</strong></span> <span class='ocrx_word' id='word_1_158' title='bbox 666 3268 785 3358; x_wconf 82' lang='lat' dir='ltr'><strong>partim</strong></span> <span class='ocrx_word' id='word_1_159' title='bbox 806 3269 912 3331; x_wconf 87' lang='lat' dir='ltr'><strong>verba</strong></span> <span class='ocrx_word' id='word_1_160' title='bbox 925 3285 1000 3352; x_wconf 80' lang='lat' dir='ltr'><strong>quae</strong></span> <span class='ocrx_word' id='word_1_161' title='bbox 1013 3285 1082 3331; x_wconf 92' lang='lat' dir='ltr'><strong>non</strong></span> <span class='ocrx_word' id='word_1_162' title='bbox 1096 3266 1205 3330; x_wconf 88' lang='lat' dir='ltr'><strong>solum</strong></span> <span class='ocrx_word' id='word_1_163' title='bbox 1222 3285 1244 3329; x_wconf 89' lang='lat' dir='ltr'><strong>a</strong></span> <span class='ocrx_word' id='word_1_164' title='bbox 1257 3265 1369 3331; x_wconf 82' lang='lat' dir='ltr'><strong>laceto</strong></span> 
     </span>
    </p>
   </div>
   <div class='ocr_carea' id='block_1_12' title="bbox 145 3363 1367 3450">
    <p class='ocr_par' dir='ltr' id='par_1_14' title="bbox 145 3363 1367 3450">
     <span class='ocr_line' id='line_1_26' title="bbox 145 3363 1367 3450; baseline -0.007 -12"><span class='ocrx_word' id='word_1_165' title='bbox 145 3428 147 3438; x_wconf 94' lang='lat'><em>.</em></span> <span class='ocrx_word' id='word_1_166' title='bbox 176 3363 190 3392; x_wconf 59' lang='lat'><strong>⁸</strong></span> <span class='ocrx_word' id='word_1_167' title='bbox 277 3373 346 3437; x_wconf 87' lang='lat' dir='ltr'><strong>sint</strong></span> <span class='ocrx_word' id='word_1_168' title='bbox 360 3371 481 3446; x_wconf 86' lang='lat' dir='ltr'><strong>aliana,</strong></span> <span class='ocrx_word' id='word_1_169' title='bbox 492 3386 607 3432; x_wconf 87' lang='lat' dir='ltr'><strong>rerum</strong></span> <span class='ocrx_word' id='word_1_170' title='bbox 618 3367 844 3434; x_wconf 87' lang='lat' dir='ltr'><strong>autobscoana</strong></span> <span class='ocrx_word' id='word_1_171' title='bbox 857 3367 934 3450; x_wconf 89' lang='lat' dir='ltr'><strong>ipsa</strong></span> <span class='ocrx_word' id='word_1_172' title='bbox 948 3364 1126 3436; x_wconf 85' lang='lat' dir='ltr'><strong>admodum</strong></span> <span class='ocrx_word' id='word_1_173' title='bbox 1139 3363 1367 3448; x_wconf 85' lang='lat' dir='ltr'><strong>scurriliaquo,</strong></span> 
     </span>
    </p>
   </div>
   <div class='ocr_carea' id='block_1_13' title="bbox 277 3463 1368 4164">
    <p class='ocr_par' dir='ltr' id='par_1_15' title="bbox 277 3463 1368 4164">
     <span class='ocr_line' id='line_1_27' title="bbox 278 3463 1368 3552; baseline -0.006 -15"><span class='ocrx_word' id='word_1_174' title='bbox 278 3479 337 3538; x_wconf 92' lang='lat' dir='ltr'><strong>aut</strong></span> <span class='ocrx_word' id='word_1_175' title='bbox 350 3471 498 3537; x_wconf 86' lang='lat' dir='ltr'><strong>maxime</strong></span> <span class='ocrx_word' id='word_1_176' title='bbox 512 3467 701 3552; x_wconf 86' lang='lat' dir='ltr'><strong>ampullosa</strong></span> <span class='ocrx_word' id='word_1_177' title='bbox 713 3467 873 3535; x_wconf 86' lang='lat' dir='ltr'><strong>ataoida:</strong></span> <span class='ocrx_word' id='word_1_178' title='bbox 889 3465 978 3550; x_wconf 88' lang='lat' dir='ltr'><strong>quod</strong></span> <span class='ocrx_word' id='word_1_179' title='bbox 993 3465 1128 3550; x_wconf 86' lang='lat' dir='ltr'><strong>quidam</strong></span> <span class='ocrx_word' id='word_1_180' title='bbox 1144 3463 1368 3548; x_wconf 84' lang='lat' dir='ltr'><strong>Hispanicum</strong></span> 
     </span>
     <span class='ocr_line' id='line_1_28' title="bbox 277 3565 1368 3652; baseline -0.007 -14"><span class='ocrx_word' id='word_1_181' title='bbox 277 3581 341 3638; x_wconf 88' lang='lat' dir='ltr'><strong>cst.</strong></span> <span class='ocrx_word' id='word_1_182' title='bbox 385 3571 471 3637; x_wconf 82' lang='lat' dir='ltr'><strong>Sunt</strong></span> <span class='ocrx_word' id='word_1_183' title='bbox 482 3577 593 3634; x_wconf 89' lang='lat' dir='ltr'><strong>tamen</strong></span> <span class='ocrx_word' id='word_1_184' title='bbox 608 3568 698 3634; x_wconf 87' lang='lat' dir='ltr'><strong>dicta</strong></span> <span class='ocrx_word' id='word_1_185' title='bbox 712 3567 787 3652; x_wconf 84' lang='lat' dir='ltr'><strong>ejus</strong></span> <span class='ocrx_word' id='word_1_186' title='bbox 800 3569 836 3632; x_wconf 90' lang='lat' dir='ltr'><strong>in</strong></span> <span class='ocrx_word' id='word_1_187' title='bbox 853 3569 1042 3632; x_wconf 78' lang='lat' dir='ltr'><strong>universum</strong></span> <span class='ocrx_word' id='word_1_188' title='bbox 1055 3570 1178 3649; x_wconf 78' lang='lat' dir='ltr'><strong>arguta,</strong></span> <span class='ocrx_word' id='word_1_189' title='bbox 1191 3565 1368 3631; x_wconf 80' lang='lat' dir='ltr'><strong>subtiliter-</strong></span> 
     </span>
     <span class='ocr_line' id='line_1_29' title="bbox 277 3657 1368 3758; baseline -0.005 -20"><span class='ocrx_word' id='word_1_190' title='bbox 277 3670 558 3758; x_wconf 83' lang='lat' dir='ltr'><strong>queconquisita3</strong></span> <span class='ocrx_word' id='word_1_191' title='bbox 574 3657 742 3733; x_wconf 86' lang='lat' dir='ltr'><strong>abstmsee</strong></span> <span class='ocrx_word' id='word_1_192' title='bbox 753 3669 937 3746; x_wconf 78' lang='lat' dir='ltr'><strong>sententiaa,</strong></span> <span class='ocrx_word' id='word_1_193' title='bbox 949 3666 1244 3750; x_wconf 77' lang='lat' dir='ltr'><strong>eaedemqueraraa‚</strong></span> <span class='ocrx_word' id='word_1_194' title='bbox 1255 3665 1368 3746; x_wconf 73' lang='lat' dir='ltr'><strong>salse,</strong></span> 
     </span>
     <span class='ocr_line' id='line_1_30' title="bbox 279 3767 1368 3852; baseline -0.005 -14"><span class='ocrx_word' id='word_1_195' title='bbox 279 3774 461 3838; x_wconf 74' lang='lat' dir='ltr'><strong>aculeata:</strong></span> <span class='ocrx_word' id='word_1_196' title='bbox 476 3770 679 3834; x_wconf 80' lang='lat' dir='ltr'><strong>inventiones</strong></span> <span class='ocrx_word' id='word_1_197' title='bbox 689 3787 767 3832; x_wconf 83' lang='lat' dir='ltr'><strong>raro</strong></span> <span class='ocrx_word' id='word_1_198' title='bbox 780 3769 927 3832; x_wconf 86' lang='lat' dir='ltr'><strong>maximo</strong></span> <span class='ocrx_word' id='word_1_199' title='bbox 941 3775 1071 3833; x_wconf 86' lang='lat' dir='ltr'><strong>acutae:</strong></span> <span class='ocrx_word' id='word_1_200' title='bbox 1086 3767 1187 3832; x_wconf 85' lang='lat' dir='ltr'><strong>rerba</strong></span> <span class='ocrx_word' id='word_1_201' title='bbox 1199 3767 1368 3852; x_wconf 83' lang='lat' dir='ltr'><strong>praecipuo</strong></span> 
     </span>
     <span class='ocr_line' id='line_1_31' title="bbox 278 3865 1368 3953; baseline -0.004 -15"><span class='ocrx_word' id='word_1_202' title='bbox 278 3871 542 3948; x_wconf 83' lang='lat' dir='ltr'><strong>accommodata,</strong></span> <span class='ocrx_word' id='word_1_203' title='bbox 557 3887 702 3953; x_wconf 73' lang='lat' dir='ltr'><strong>quaeque</strong></span> <span class='ocrx_word' id='word_1_204' title='bbox 727 3887 794 3932; x_wconf 90' lang='lat' dir='ltr'><strong>non</strong></span> <span class='ocrx_word' id='word_1_205' title='bbox 815 3869 922 3952; x_wconf 89' lang='lat' dir='ltr'><strong>prima</strong></span> <span class='ocrx_word' id='word_1_206' title='bbox 943 3874 1075 3932; x_wconf 89' lang='lat' dir='ltr'><strong>tantum</strong></span> <span class='ocrx_word' id='word_1_207' title='bbox 1098 3865 1312 3951; x_wconf 72' lang='lat' dir='ltr'><strong>faciantque</strong></span> <span class='ocrx_word' id='word_1_208' title='bbox 1332 3870 1368 3934; x_wconf 88' lang='lat' dir='ltr'><strong>in</strong></span> 
     </span>
     <span class='ocr_line' id='line_1_32' title="bbox 278 3967 1367 4059; baseline -0.006 -17"><span class='ocrx_word' id='word_1_209' title='bbox 278 3977 357 4059; x_wconf 88' lang='lat' dir='ltr'><strong>ipso</strong></span> <span class='ocrx_word' id='word_1_210' title='bbox 372 3971 557 4056; x_wconf 84' lang='lat' dir='ltr'><strong>explicatu,</strong></span> <span class='ocrx_word' id='word_1_211' title='bbox 570 3971 729 4034; x_wconf 82' lang='lat' dir='ltr'><strong>lectorem</strong></span> <span class='ocrx_word' id='word_1_212' title='bbox 742 3970 889 4035; x_wconf 86' lang='lat' dir='ltr'><strong>alliciant</strong></span> <span class='ocrx_word' id='word_1_213' title='bbox 907 3975 1009 4052; x_wconf 87' lang='lat' dir='ltr'><strong>atquc</strong></span> <span class='ocrx_word' id='word_1_214' title='bbox 1026 3967 1229 4052; x_wconf 69' lang='lat' dir='ltr'><strong>auditorem</strong></span> <span class='ocrx_word' id='word_1_215' title='bbox 1251 3989 1367 4035; x_wconf 85' lang='lat' dir='ltr'><strong>verum</strong></span> 
     </span>
     <span class='ocr_line' id='line_1_33' title="bbox 280 4068 1367 4164; baseline -0.006 -22"><span class='ocrx_word' id='word_1_216' title='bbox 280 4097 356 4164; x_wconf 85' lang='lat' dir='ltr'><strong>quae</strong></span> <span class='ocrx_word' id='word_1_217' title='bbox 371 4076 406 4139; x_wconf 91' lang='lat' dir='ltr'><strong>in</strong></span> <span class='ocrx_word' id='word_1_218' title='bbox 421 4073 495 4156; x_wconf 87' lang='lat' dir='ltr'><strong>ejus</strong></span> <span class='ocrx_word' id='word_1_219' title='bbox 510 4073 622 4138; x_wconf 89' lang='lat' dir='ltr'><strong>animo</strong></span> <span class='ocrx_word' id='word_1_220' title='bbox 636 4071 825 4154; x_wconf 88' lang='lat' dir='ltr'><strong>relinquant</strong></span> <span class='ocrx_word' id='word_1_221' title='bbox 840 4072 978 4138; x_wconf 84' lang='lat' dir='ltr'><strong>tacitam</strong></span> <span class='ocrx_word' id='word_1_222' title='bbox 992 4068 1160 4154; x_wconf 89' lang='lat' dir='ltr'><strong>quandam</strong></span> <span class='ocrx_word' id='word_1_223' title='bbox 1174 4071 1271 4154; x_wconf 83' lang='lat' dir='ltr'><strong>quasi</strong></span> <span class='ocrx_word' id='word_1_224' title='bbox 1287 4073 1367 4136; x_wconf 89' lang='lat' dir='ltr'><strong>sub·</strong></span> 
     </span>
    </p>
   </div>
   <div class='ocr_carea' id='block_1_14' title="bbox 0 0 1530 4902">
    <p class='ocr_par' dir='ltr' id='par_1_16' title="bbox 0 0 1530 4902">
     <span class='ocr_line' id='line_1_34' title="bbox 0 0 1530 4902; baseline 0 0"><span class='ocrx_word' id='word_1_225' title='bbox 0 0 1530 4902; x_wconf 95' lang='lat' dir='ltr'><strong> </strong></span> 
     </span>
    </p>
   </div>
  </div>
 </body>
</html>
