3034 4902
303 441 316 456 .
440 401 671 454 ussuruosri
699 402 756 458 us,
772 399 977 451 asurraun.
1214 385 1257 452 19

163 545 295 630 posuit:
318 542 428 610 Poeta
442 562 523 610 voro
537 551 723 628 temporum
734 541 916 610 Alexandri
929 542 1001 610 hmo
1014 545 1048 608 iu
1063 563 1138 610 eum
1153 545 1255 610 dixit:

243 645 424 712 Pulchrum
441 645 530 730 quod
544 644 640 709 vides
655 664 730 708 esse
745 651 894 709 nostrum
908 663 1028 728 regem,

249 745 358 826 Quem
372 745 489 830 Syrum
505 765 569 810 sua
583 745 701 810 detulit
716 764 876 829 propago,

247 845 401 916 Venatus
415 845 508 925 facit,
523 853 557 912 ot
571 847 669 930 lepus
683 865 852 912 comesus:

249 945 302 1014 Ex
317 967 386 1033 quo
400 947 592 1014 continuum
606 947 696 1032 capit
710 947 867 1030 leporem.

334 1115 459 1182 Sollius
474 1117 633 1182 Sidonius
647 1114 864 1200 Apollinaris.
902 1114 1011 1179 Carnu.
1030 1131 1082 1179 rx.

339 1249 413 1314 Non
428 1227 594 1316 Gaulious
608 1251 661 1316 bio
674 1249 736 1315 tibi
750 1247 888 1332 legatur,

335 1349 415 1416 Nou
431 1350 576 1430 Marsus,
590 1349 697 1428 Pedo,
713 1350 828 1426 Silius,
842 1349 1008 1427 Tibullus,

333 1447 403 1515 Aut
416 1451 557 1516 mordax
571 1451 645 1516 sine
660 1449 724 1516 line
741 1449 919 1516 Martialis.

533 1627 625 1693 Idem
642 1627 752 1692 Carm.
768 1641 883 1690 xxrrr.

334 1755 425 1835 Quid
441 1758 549 1824 celsos
563 1758 710 1822 Senecas
725 1759 856 1841 loquar,
873 1757 1032 1825 velillum

335 1857 443 1937 Quem
459 1859 517 1924 dat
532 1859 667 1924 Bilbilis
682 1857 754 1924 alta
770 1855 970 1937 Martialem,

332 1958 505 2024 Terrarum
518 1959 689 2042 indigenas
706 1957 930 2024 Ibericarnnrl

179 2125 329 2191 loannes
353 2125 627 2204 saresberiensis,
651 2125 773 2190 Curial.
798 2125 925 2208 Nugar.
939 2127 997 2190 lib.
1012 2143 1075 2190 vn.
1092 2148 1165 2213 cap.
1181 2119 1244 2194 12]

205 2257 383 2326 Po'e‘ticnm
397 2261 491 2326 illum
506 2269 541 2325 te
564 2262 676 2328 subito
696 2262 869 2326 miraberis
891 2261 1056 2332 iuvenisse
1079 2264 1253 2346 pictorein,

159 2365 222 2446 qui
236 2361 280 2426 ad
295 2365 415 2442 omina,
431 2381 509 2448 qum
523 2363 706 2428 necessitas
719 2363 834 2444 exigit,
859 2365 926 2428 scit
940 2363 1082 2430 fortusse
1097 2367 1253 2432 simulare

156 2483 370 2548 cupressum.
415 2464 551 2548 Desipit
564 2465 611 2530 ita
628 2463 737 2530 Rufus
752 2465 787 2528 iu
801 2463 935 2542 Naevia,
949 2484 971 2530 a
983 2485 1050 2550 qna
1064 2486 1151 2546 eum,
1167 2474 1253 2536 toste

156 2566 294 2650 eoquo,
308 2565 419 2630 nullus
433 2583 534 2629 casus
549 2565 677 2629 avertit.
721 2564 811 2630 Nam
1243 2621 1246 2629 .

244 2665 417 2750 Quicquid
433 2667 502 2750 agit
516 2665 641 2746 Rufus,
656 2665 738 2733 nibil
752 2672 803 2730 est
816 2667 882 2730 nisi
899 2665 1021 2732 Naevia
1037 2667 1147 2749 Rus03

289 2767 326 2832 Si
341 2767 476 2850 gaudet,
490 2769 520 2832 si
535 2765 604 2844 flet,
616 2769 646 2832 si
660 2773 759 2845 tacet,
773 2767 857 2832 bauo
872 2767 1025 2851 loquitur.
1211 2763 1212 2768 ’

246 2867 380 2947 Cenat,
395 2870 563 2956 propinat,
576 2859 700 2953 poscit,
714 2877 824 2950 negat,
839 2869 956 2946 innuit,
972 2889 1038 2936 nna
1052 2879 1105 2936 est

291 2970 431 3036 Naevia:
455 2973 485 3036 si
500 2973 626 3037 nonsit
642 2971 775 3050 Naevia,
787 2977 899 3036 mutus
914 2971 986 3036 erit.

156 3071 237 3138 lib.
255 3087 278 3136 1.
294 3070 409 3156 Epigr.
423 3073 478 3138 68.

506 3241 601 3306 idem
615 3239 673 3306 lib.
690 3257 769 3304 vrri.
785 3257 861 3324 cap,
874 3238 906 3302 6.

200 3373 398 3456 Peregrinos
413 3375 531 3440 odores
545 3395 613 3440 non
626 3377 694 3440 nisi
707 3374 879 3441 dissolutis
899 3379 935 3437 et
956 3372 1161 3438 amatoribus
1175 3390 1254 3438 oon·

155 3476 281 3554 venire,
294 3473 453 3540 Comicus
465 3483 500 3540 et
515 3475 796 3561 Coqnusdooent.

501 3639 594 3708 Idam
609 3642 667 3738 lib.
683 3641 757 3706 eod·
773 3658 846 3722 cap.
860 3633 914 3706 13.

201 3772 294 3840 Nam
308 3773 489 3840 foenorator
501 3784 540 3840 ut
553 3775 627 3860 plus
640 3775 793 3860 recipiat,
804 3771 969 3842 interdurn
981 3769 1107 3855 aliquid
1119 3770 1253 3854 praelar-

155 3876 258 3958 gitur.
303 3873 401 3940 Unde
416 3875 571 3960 coquus:

357 3975 501 4044 Munera
513 3977 606 4063 qnod
621 3977 757 4044 senibus
771 3975 961 4059 viduisque,
975 3977 1034 4042 &a

157 4077 234 4143 Lib.
252 4093 301 4143 tv.
324 4077 438 4164 Epigr.
453 4079 508 4146 66.
