3034 4902
263 409 308 476 22
541 427 773 476 rnsnruoura
799 425 848 475 ns
872 423 1078 474 enarrans.

264 571 363 634 trivio
387 569 558 653 appellati
582 569 716 634 Nollem
739 567 924 632 excidisset
948 567 1021 633 viro
1047 563 1169 650 magno
1191 567 1254 632 hoc
1267 565 1356 651 judi·

264 671 353 734 cium
363 671 486 753 judicii
496 671 668 736 dissimile.
713 669 806 734 Nihil
821 669 865 734 ad
880 669 1048 734 Catullum
1070 669 1246 746 Martialis,
1262 671 1355 734 scio:
1487 667 1488 670 ’

263 771 321 834 sed
335 777 368 835 et
381 771 444 835 hoc
459 772 542 850 scio,
563 771 812 854 Epigrammata
834 770 894 835 illa
915 789 978 836 nec
1000 771 1036 834 in
1062 770 1159 836 trivio
1182 777 1274 848 natu,
1295 789 1356 834 uec

263 873 375 938 omnia
388 873 423 936 iu
438 873 593 938 triclinio.
641 872 750 937 Multa
764 871 811 936 ioe
833 891 866 950 a,
885 873 1045 938 obacoena
1066 873 1101 936 in
1124 871 1299 938 Martiales
1321 881 1356 938 et

262 974 445 1039 mehercule
470 974 506 1038 in
529 992 596 1039 uno
616 969 743 1038 Catulli
763 972 880 1038 libello
905 992 971 1037 non
996 973 1185 1057 pudiciora,
1198 975 1259 1038 sed
1272 993 1355 1056 pan·

263 1073 367 1139 ciora.
410 1073 546 1158 Ignorat
557 1073 720 1140 saeculum
734 1071 825 1152 illud,
838 1072 897 1157 qui
910 1073 976 1140 hoc
990 1081 1139 1140 accusat.

305 1255 350 1319 Et
364 1249 484 1332 cetera,
506 1257 564 1339 qui
579 1251 628 1320 ibi
642 1261 825 1340 sequuntur
849 1261 942 1320 tanto
966 1257 1037 1322 viro
1056 1254 1201 1338 indigna.
1231 1255 1355 1320 Pudet

261 1375 316 1420 me
331 1355 470 1439 judicii:
494 1357 585 1442 quod
599 1357 685 1421 inira
705 1358 793 1420 inter
807 1355 996 1420 Infelicium
1012 1355 1207 1422 Criticorum
1225 1355 1355 1440 judicia

261 1457 448 1521 merebatur
462 1457 587 1522 locoru.
627 1457 695 1522 Sed
710 1455 848 1540 reliquis
863 1458 930 1521 tuis
943 1458 1068 1524 metitis
1081 1457 1291 1536 lucrifecisti,
1307 1459 1353 1522 mi

262 1557 369 1639 Lipsi,
391 1557 477 1623 hanc
491 1567 603 1624 notum
619 1559 815 1624 censoriam.

660 1857 961 1871 *n—

360 2089 642 2178 SINISTRA
683 2093 963 2178 QUAEDAM
1002 2095 1249 2172 JUDICIA

493 2279 545 2346 IN
550 2277 784 2348 FELICIUM
809 2279 1116 2350 cltl'rlcoltunr

585 2513 1023 2627 manarate

259 2843 411 2930 Rapha'e'l
425 2845 680 2928 Volaterranos,
703 2849 927 2916 Commentar.
949 2851 1159 2915 Urbanorum
1178 2851 1237 2916 lib.
1254 2867 1349 2917 xvir.
1374 2879 1378 2888 ·

301 2979 351 3044 Μ.
366 2979 520 3048 Valerius
542 2982 723 3062 Martialis,
745 2983 853 3050 Poeta
876 2984 1172 3068 Epigrammatum,
1193 3004 1212 3048 e
1233 2985 1349 3050 Bilbili

256 3081 382 3164 oppido
397 3083 599 3152 Celtiberia.
645 3085 765 3150 Romae
781 3105 888 3150 annos
903 3086 1034 3167 triginta
1054 3092 1292 3163 commoratus,
1314 3086 1349 3150 in

257 3181 458 3266 Hispaniam
473 3185 606 3252 demum
620 3188 762 3264 revertit,
784 3207 913 3270 pauper
927 3187 1113 3263 admodum,
1135 3191 1167 3250 et
1190 3186 1314 3252 viatico
1328 3207 1349 3253 a

257 3279 369 3346 Plinio
393 3284 541 3368 Nepote,
570 3295 609 3350 nt
636 3288 670 3350 in
696 3287 770 3370 ejus
793 3287 952 3369 Epistola
977 3287 1177 3365 declaratur,
1199 3287 1347 3370 adjutos.

257 3377 397 3446 Amicos
421 3385 526 3450 coluit
552 3385 702 3464 Stellam,
725 3386 844 3451 Silium
871 3387 1034 3452 Italicum.
1086 3385 1225 3452 Ascitns
1254 3397 1287 3454 et
1314 3389 1348 3453 iu

257 3483 404 3548 ordinem
420 3483 626 3569 Equestrem,
648 3493 680 3551 et
696 3487 776 3572 jura
799 3489 897 3553 oium
919 3489 1095 3554 liberorum
1117 3489 1258 3574 adeptus
1280 3496 1346 3554 est:

255 3583 389 3666 reliquit
404 3585 686 3671 Epigrammatum
703 3589 821 3654 librum
836 3589 969 3653 omuino
985 3588 1208 3673 rejiciendum,
1222 3589 1347 3674 quippe

255 3686 315 3766 qui
330 3705 437 3770 neque
450 3688 620 3772 elegantiae
636 3691 766 3755 Latinae
781 3711 888 3773 neque
903 3690 1049 3755 moribus
1063 3693 1176 3773 prosit.

256 3848 386 3914 Paulus
410 3850 543 3931 Jovius,
568 3855 603 3918 in
632 3853 755 3937 Elogiis
778 3853 935 3921 Virorum
964 3856 1070 3920 literis
1095 3855 1290 3937 illustrium,
1312 3860 1345 3923 iu

555 3955 673 4020 Marco
689 3954 839 4021 Antonio
854 3956 1046 4022 casanova.

298 4085 347 4150 M.
362 4084 443 4150 Ant.
458 4087 657 4166 Casanovsa,
673 4089 838 4154 (inmensa
852 4097 945 4175 patre
961 4089 1080 4157 Romae
1095 4093 1218 4174 genito,
1238 4093 1346 4174 argnti

254 4186 514 4270 Epigrammatis
529 4189 676 4274 'palmam
690 4191 807 4258 detulit
818 4193 875 4258 illa
889 4195 963 4276 ipsa
978 4191 1100 4270 Roma
1115 4211 1239 4264 severae
1254 4195 1345 4260 auris
