3034 4902
265 941 274 948 ¹
383 833 737 918 scarrronurr
770 831 1036 924 mnrium

692 1007 727 1044 ΑΟ

260 1126 718 1208 RECENTIORUM
756 1121 1163 1212 QUORUNDAM

380 1369 445 1435 DE
475 1368 525 1435 Μ.
547 1361 762 1432 VALERIO
794 1356 1046 1426 MARTIALE

438 1587 988 1684 unsurmonrs.
1087 1561 1091 1566 ’

407 2097 446 2164 0.
469 2098 633 2164 Pnrnrus
656 2094 846 2163 (inermus
869 2095 1035 2162 Saeuus.

462 2213 659 2280 Cornucio
682 2212 820 2278 Perseo
843 2231 914 2281 suu
936 2214 972 2279 S.

480 2346 646 2432 [Epistola
660 2347 735 2414 lib.
745 2346 956 2426 111.ultima.]
1018 2380 1029 2404 a

173 2467 315 2556 Aunro
329 2486 504 2553 Valerium
528 2486 719 2553 Martialem
741 2487 941 2568 decessisse,
964 2494 998 2553 et
1021 2489 1163 2554 moleste
1183 2491 1272 2556 lero:
1341 2491 1342 2494 ’

174 2589 253 2656 Erat
271 2590 372 2654 homo
394 2589 596 2672 ingeniosus,
626 2595 758 2667 acutus,
782 2609 870 2667 acer,
893 2589 1007 2674 etqui
1034 2589 1210 2673 plurimum
1233 2593 1265 2654 iu

174 2689 348 2757 scribendo
371 2695 405 2754 ct
426 2687 509 2754 salis
537 2687 674 2753 haberet
697 2693 731 2754 et
751 2689 860 2771 sellis3
880 2709 942 2755 uec
970 2689 1123 2755 candoris
1145 2691 1265 2755 minus.

174 2791 380 2857 Prosecutus
391 2807 483 2856 eram
496 2789 620 2856 viatico
635 2792 855 2857 secedentem.
899 2789 1066 2856 Dederam
1080 2791 1144 2856 hoc
1152 2793 1268 2858 amici·

174 2893 243 2970 tiae,
255 2889 417 2956 dederam
430 2891 529 2956 etiam
543 2892 724 2970 versiculis,
735 2913 819 2977 quos
833 2887 875 2960 de
889 2913 942 2957 me
957 2893 1158 2976 composuit.
1188 2893 1269 2957 Fuit

174 2992 275 3058 moris
289 2991 428 3077 antiqui,
453 2991 585 3075 eosqui
605 2992 659 3057 rel
681 2992 883 3076 singulorum
905 2993 1037 3070 laudes,
1062 2991 1114 3057 vel
1134 2991 1268 3056 urbium

175 3093 389 3177 scripserant,
410 3096 469 3157 ant
493 3090 674 3158 honoribus
697 3101 758 3158 aut
786 3093 930 3177 pecunia
951 3111 1076 3159 ornare.
1131 3091 1268 3158 Nostris
1308 3133 1310 3142 κ

175 3213 253 3260 vero
268 3195 484 3278 temporibus,
498 3197 537 3258 ut
551 3193 619 3257 alia
633 3195 792 3278 speciosa
804 3200 837 3260 at
849 3195 990 3280 egregia,
1017 3195 1068 3258 ita
1091 3193 1156 3259 hoe
1168 3194 1270 3278 inpri-

174 3297 239 3360 mis
250 3293 412 3359 exolevit
456 3293 548 3359 Nam
572 3301 753 3380 postquam
773 3295 933 3362 desiimus
958 3296 1064 3361 locere
1088 3294 1269 3374 laudanda,

174 3396 305 3462 laudari
320 3415 453 3481 quoqne
466 3395 615 3479 ineptum
630 3399 799 3480 putamus.
844 3395 980 3476 Quaeris
1005 3397 1064 3481 qui
1087 3397 1155 3461 sint
1169 3398 1271 3462 versi·

176 3497 258 3574 culi,
273 3497 395 3581 quibus
409 3496 547 3578 gratiam
562 3497 751 3562 retulerimi
796 3495 1016 3563 Remitterem
1041 3504 1074 3562 te
1092 3496 1136 3562 ad
1158 3497 1270 3581 ipsum

177 3597 347 3673 volumen,
359 3596 426 3660 nisi
440 3595 605 3679 quosdam
619 3602 772 3662 tenerem.
815 3597 882 3676 Tu,
904 3595 934 3662 si
949 3596 1137 3680 placuerint
1150 3595 1196 3674 ii,
1217 3615 1270 3662 ce-

177 3703 267 3762 teros
280 3697 315 3760 in
326 3697 412 3760 libro
426 3695 587 3779 requires.
629 3693 820 3780 Alloquitur
834 3695 982 3776 Musam,
1004 3695 1145 3762 maudut
1158 3704 1197 3762 ut
1210 3697 1270 3762 do·

176 3815 267 3861 mum
280 3814 391 3860 meam
404 3797 440 3861 in
451 3795 613 3881 &nciliis
625 3803 766 3882 quaerat,
781 3795 884 3863 adeat
897 3805 1101 3866 reverenter:
1124 3797 1215 3883 [Lib.
1232 3817 1270 3866 x.

177 3893 290 3981 Epigr.
306 3893 378 3979 19.]

350 3995 417 4061 Sed
430 4015 473 4060 ue
486 4001 635 4081 tempore
649 4016 717 4062 non
732 4001 792 4063 tuo
807 3997 968 4067 disertam

350 4097 471 4163 Pulses
486 4097 580 4164 ebria
588 4100 738 4184 januam,
752 4101 873 4167 videto.

243 4215 332 4280 nepe.
343 4221 366 4266 rt
383 4213 442 4292 ch
454 4213 519 4266 Cleo.
670 4216 781 4266 Mertai.
