3072 4900
271 379 339 448 ΜΒ
634 391 672 440 ΙΙ.
695 391 780 466 vdie.
805 388 1013 442 uenustus

274 551 350 630 Nec
366 559 479 627 nocuit
492 559 588 627 tectis
602 558 701 644 ignis,
716 575 778 622 nec
793 555 902 622 Sirius
917 560 1027 642 agris:

318 663 394 730 Nec
408 681 518 728 mersa
531 667 581 727 est
595 662 729 746 pelago,
743 679 807 724 nec
821 658 897 726 fluit
908 661 982 727 ulla
992 661 1083 728 satie.

275 765 462 851 Supposita
476 770 529 830 cst
542 763 667 828 blando
680 781 850 848 nunquam
864 763 927 828 tibi
940 769 1072 830 macera
1086 765 1177 832 talo:
1328 761 1372 827 15

318 869 405 934 Alea
419 866 480 933 sed
493 886 608 952 parcae
625 865 701 930 sola
714 867 809 929 suere
824 883 938 930 nuces.

278 971 346 1038 Dic
361 970 419 1035 nbi
434 969 479 1034 sit
493 967 620 1046 decies,
634 971 740 1032 mater
753 965 845 1050 qnod
862 985 965 1032 avara
978 967 1114 1052 reliquit
1126 969 1141 1032 t

319 1071 501 1157 Nusquam
517 1076 586 1138 est:
608 1068 719 1134 fecisti
733 1087 812 1146 rem,
828 1065 921 1147 Line,
937 1067 1113 1134 difficilem.

277 1249 391 1300 coacte
407 1247 515 1312 essspise
530 1246 631 1296 mstis
648 1243 717 1295 seris
735 1247 782 1293 tos
800 1243 905 1293 dm
923 1243 1040 1302 mrem,
1059 1241 1173 1308 secjisit.
1208 1241 1368 1307 iissssrpsess

274 1313 418 1364 substituisti
432 1317 544 1362 tesseram
561 1312 610 1361 toto
620 1310 741 1371 jaindre
768 1309 810 1358 sed
831 1307 926 1357 sstiisti
947 1307 1019 1358 soioss
1034 1308 1108 1356 nicom
1123 1322 1249 1370 percursus
1265 1309 1369 1358 sedan.

276 1375 374 1438 Proser,
385 1378 425 1426 sti
435 1377 468 1426 sit
478 1376 566 1443 decies,
576 1377 635 1440 psod
652 1373 751 1438 reliquit
765 1387 839 1422 osors
852 1367 982 1435 genitrix?
1001 1371 1085 1424 nuuc
1095 1378 1144 1422 est:
1162 1371 1186 1422 0
1198 1371 1268 1436 ctus,
1283 1369 1368 1434 fecisti

276 1443 462 1510 readipisiiess.

197 1657 208 1664 ,
278 1609 414 1658 lata-ts
432 1604 483 1655 Nec
492 1615 578 1652 stersss
587 1601 670 1665 petago
679 1599 784 1664 perdidit
801 1599 848 1647 etto
859 1597 928 1662 rutis,
944 1597 986 1646 vel
1002 1597 1053 1646 Nec
1068 1611 1155 1646 sserees
1168 1597 1253 1660 pelope
1262 1597 1368 1662 prodidit

276 1673 325 1722 sus
334 1669 395 1718 retis
405 1667 473 1732 conj.
483 1667 546 1717 Ant.
559 1666 591 1716 de
605 1666 687 1730 ituop.
698 1663 738 1714 Cf.
750 1663 794 1714 tib.
805 1677 834 1712 v.
847 1663 924 1727 Epig.
933 1666 974 1712 41.
1006 1661 1084 1712 Haud
1096 1662 1266 1726 ineleganter,
1276 1662 1369 1727 inquit,

277 1736 350 1785 neris
362 1747 460 1783 merces
472 1733 564 1798 petsgo
575 1732 583 1759 ⁸
594 1729 714 1794 prodere·
725 1727 820 1778 dicitnr
837 1741 885 1790 pro
895 1731 903 1756 ‘
914 1724 1065 1787 effundere,'
1076 1733 1154 1840 signe
1163 1727 1228 1777 sdeo
1240 1741 1370 1791 possesso-

276 1814 331 1849 reus
342 1812 389 1862 spc
400 1795 530 1847 frendere.
545 1793 613 1845 Vide
629 1809 686 1860 que
698 1793 731 1842 de
747 1793 794 1842 tssc
806 1791 879 1841 serbi
890 1791 963 1855 injus
979 1791 1083 1841 notione
1121 1799 1148 1841 st
1159 1791 1273 1842 Gronov.
1291 1791 1370 1843 Obss.

275 1865 320 1916 uu.
331 1877 374 1914 ιιι.
385 1877 443 1925 esp.
458 1865 500 1910 2⁰.
532 1857 637 1912 Deinde
653 1858 755 1910 dubitet
774 1856 942 1920 scripseritne
952 1855 1098 1906 Mertistiss
1116 1855 1168 1906 Nec
1184 1869 1271 1906 rem
1285 1857 1368 1920 petep-

275 1928 354 1978 otrsd
364 1928 510 1988 sssdurstes,
520 1926 562 1976 sel
575 1924 627 1973 Nee
635 1937 722 1985 sserm
737 1923 817 1986 pelopi
835 1921 912 1971 etr-sit
927 1923 990 1970 esde
1005 1927 1076 1972 retes.
1094 1919 1136 1972 Cf.
1146 1921 1218 1984 Virg.
1229 1920 1287 1970 AEn.
1298 1935 1318 1971 1.
1327 1925 1369 1972 ts.

278 1995 368 2043 Nosts.
387 1989 455 2042 inire
465 2003 508 2042 cx.
524 1994 565 2041 sl.
583 1989 680 2039 ansn.
691 2001 734 2038 ιιι.
751 1991 807 2036 lat.
824 1985 903 2036 Orid.
925 1983 1013 2035 Amor.
1025 1999 1056 2036 ιι.
1069 1989 1108 2035 11.
1121 1989 1145 2036 1.
1165 1983 1242 2035 Pont.
1254 1999 1273 2034 ι.
1291 1991 1317 2035 a.
1327 1989 1368 2035 sa.

275 2057 353 2108 Trist.
367 2070 398 2106 ιι.
414 2059 467 2106 tad.
508 2055 565 2104 Nec
585 2061 636 2116 est,
658 2053 726 2117 qood
745 2051 843 2100 histn-
863 2064 1000 2100 moremur.
1028 2050 1129 2114 Sepias
1147 2049 1216 2100 hooc
1234 2050 1275 2100 sei
1295 2051 1369 2113 primi

275 2121 374 2171 ordinis
386 2121 465 2169 Vstes
476 2117 629 2182 neglexisse,
645 2123 771 2166 noverunt
789 2113 835 2170 itii.
852 2115 895 2178 qui
908 2114 1033 2164 Veterum
1046 2121 1209 2166 monuments
1226 2122 1370 2164 versarent.

275 2184 343 2234 Vide
360 2183 510 2244 conueniet.
521 2182 553 2230 sd
563 2179 658 2231 Arion.
675 2179 738 2229 Feb.
749 2191 852 2228 xxvsss.
866 2181 905 2228 ts.
921 2179 1004 2229 Vonk.
1015 2179 1089 2228 [sect.
1102 2179 1158 2228 [ιι.
1172 2191 1203 2230 ιι.
1213 2183 1238 2228 ti.
1256 2179 1368 2228 Miscett.

276 2248 354 2300 Obss.
370 2249 429 2296 Vol.
441 2259 468 2298 x.
486 2261 511 2310 p.
525 2249 579 2295 100.
597 2244 686 2294 Barth.
707 2243 738 2294 sd
760 2243 882 2307 Cstpurn.
901 2242 957 2291 Eoi.
970 2255 996 2291 v.
1006 2247 1046 2292 11.
1062 2243 1142 2292 Wssit
1160 2241 1250 2293 Seuer.
1265 2258 1289 2292 e.
1300 2247 1324 2293 d.
1340 2249 1368 2292 et

275 2315 352 2363 Voss.
363 2311 421 2362 Art.
432 2309 599 2362 (immunito.
608 2323 640 2360 ιι.
651 2321 708 2372 cap.
718 2311 756 2357 ts.
767 2323 808 2357 err
813 2305 866 2366 suit
876 2307 924 2355 sits
934 2307 994 2358 rotis
1001 2307 1158 2357 Berertsndi
1166 2307 1285 2358 nte-1⁰
1294 2307 1367 2358 ldesn

275 2377 340 2430 Ant.
351 2376 385 2427 ds
396 2377 471 2442 Rooy
482 2372 773 2439 conticescerem.
791 2369 831 2422 Ci.
843 2370 922 2423 Osid.
934 2371 1002 2422 Noe.
1017 2375 1060 2422 tt.

770 2500 877 2553 NOTAE

308 2607 339 2654 ts
356 2601 484 2667 itsppssits
502 2607 538 2652 est
556 2599 651 2664 itesdo]
674 2598 734 2648 Hoc
752 2604 802 2664 est,
876 2603 906 2648 1r
926 2598 974 2650 Uti
994 2599 1028 2649 sit
1048 2599 1137 2664 decies]
1163 2600 1228 2650 Post
1250 2601 1370 2652 edeerbis

274 2693 326 2728 non
341 2677 469 2728 decoxisti
485 2675 666 2741 pstsimonioos
682 2673 801 2724 tesseris:
843 2675 965 2738 ‘decies,'
977 2675 1100 2738 ‘tricies,'
1111 2679 1161 2725 tte.
1173 2675 1290 2740 intellige
1305 2692 1369 2728 sen·

274 2755 374 2804 inseres
385 2759 471 2802 sotem
480 2749 722 2802 soiebsntsminori
731 2748 801 2811 indo,
840 2765 889 2815 per
898 2759 1010 2801 centens
1025 2751 1104 2802 mittis
1115 2752 1273 2802 sestertium.

276 2830 361 2882 stetis
378 2843 482 2893 nempe,
492 2827 616 2892 incipere,
632 2841 692 2875 mox
710 2825 800 2875 animis
873 2830 904 2877 18
922 2827 1011 2877 Fecisti
1021 2827 1082 2892 ress]
1100 2827 1159 2878 Hoc
1169 2835 1220 2891 est,
1231 2841 1286 2878 rens
1298 2827 1370 2880 terni·

275 2905 502 2966 incsiescenttbus,
521 2903 644 2968 depositis
656 2898 729 2966 telis,
741 2917 801 2966 sop-
841 2903 1083 2968 lisremdissipsns:
1109 2903 1262 2954 iecistirem
1280 2903 1370 2956 diffiei-

274 2981 438 3046 ponebsntus
454 2989 571 3038 tessere,
584 2979 712 3044 inquibus
723 2979 802 3044 rosjor
841 2981 892 3029 iens
904 2994 975 3044 ssne,
984 2987 1012 3030 et
1024 2981 1097 3046 cujus
1107 2982 1175 3032 ratio
1186 2995 1237 3031 non
1249 2990 1369 3046 sppsret.

274 3066 332 3110 eret
346 3059 420 3108 stes:
438 3055 636 3120 Ιί1ι.ιιι.Ερὶς.
651 3060 691 3105 lt.
722 3055 801 3106 ‘Non
843 3057 896 3109 Hic
906 3065 948 3108 est
958 3073 1048 3108 sensos
1067 3059 1142 3110 istius
1158 3059 1216 3122 ioci,
1232 3060 1295 3110 ticet
1305 3057 1368 3110 reie-

273 3133 322 3184 sins
333 3135 556 3183 tutorumnnmero
568 3145 614 3195 pes
624 3140 730 3198 tessere,
740 3129 801 3181 dnm
840 3134 935 3184 sendus
952 3134 1072 3186 eldestur
1090 3135 1123 3184 sd
1137 3135 1216 3186 ritsns
1227 3137 1367 3201 municipe·

274 3210 309 3261 sit
330 3209 428 3274 Msjor,
453 3221 531 3274 quesn
553 3207 621 3272 telis,
645 3209 704 3258 sies
728 3221 799 3273 sepe
839 3209 890 3260 iens
902 3225 1004 3276 precem
1015 3217 1043 3261 et
1054 3205 1225 3262 leborioss'snc
1241 3212 1284 3261 ret
1297 3211 1365 3262 forte

274 3285 355 3337 milti!
839 3283 964 3350 intelligis
989 3294 1118 3338 secretnrn
1147 3287 1206 3336 isici
1232 3286 1365 3353 flsgitiunr,

307 3364 338 3410 lt
353 3359 413 3410 dies
432 3359 475 3409 sed
492 3357 583 3423 porse]
607 3357 666 3409 Hoc
684 3365 734 3421 est,
753 3358 799 3408 sed
840 3360 1001 3425 qnodtotnns
1012 3363 1068 3429 ejus
1079 3361 1364 3429 pstrisnoninsnesnsn·

275 3435 392 3486 victorie
404 3435 539 3500 premium
550 3441 626 3486 ersnt
636 3449 725 3486 nuces.
838 3445 918 3489 seret.

734 1515 913 1536 nonnum

737 3617 894 3686 LXVII.

673 3743 711 3790 sn
738 3743 963 3795 nnnronnss.

273 3839 492 3908 Pannonio
509 3861 637 3926 pauper
651 3849 784 3910 centum
799 3848 955 3914 sestertia
970 3846 1104 3916 Gaurus

266 3991 269 4000 ,
317 3941 444 4008 Orabat
457 3961 542 4008 cana
555 3949 652 4010 notus
667 3945 825 4012 amicitia.

308 4091 404 4142 Gosrss
422 4105 508 4155 egeres
528 4093 635 4154 witer
654 4109 711 4144 esre
734 4095 841 4156 moitis
863 4097 962 4160 rspstst
983 4098 1115 4148 Pratoress
1133 4104 1226 4150 cestu
1245 4098 1362 4150 ascesin

730 4207 908 4230 mo

302 4265 319 4313 1
337 4261 427 4314 orata
436 4277 492 4314 esre
503 4263 529 4313 in
546 4261 606 4314 edd.
617 4271 682 4318 vett.
693 4272 722 4317 nt
731 4265 777 4320 uu.
787 4281 807 4320 ι.
820 4267 898 4334 Epis.
907 4271 950 4320 16.
965 4274 1100 4349 merse
1108 4269 1215 4322 sssicdis
1227 4270 1253 4320 in
1264 4271 1361 4322 neven
