3034 4902
666 393 765 444 virs.

164 535 238 601 lib.
255 554 325 604 xn.
340 538 393 604 18.

295 643 356 709 Me
371 644 497 710 multos
509 643 655 729 repetite
669 653 751 729 post
763 631 982 712 Deeernbres'

294 744 440 832 Accepit
448 765 525 813 mee
537 746 764 830 rusticumque
776 747 857 816 seuit

295 846 392 914 Auro
407 848 545 914 Bilbilis
560 855 594 915 et
606 851 751 933 superba
763 849 861 917 terro.

166 945 751 1034 SeddeputrinMartiaiisetdehnc
763 953 877 1020 Biibiii
888 953 986 1038 plura
998 969 1022 1018 1.
1033 953 1086 1020 50.
1120 952 1263 1022 Romam

164 1049 267 1128 venit,
295 1071 372 1117 curn
401 1073 524 1118 annum
549 1059 663 1136 agera
686 1055 825 1120 aiterum
847 1063 884 1120 et
906 1054 1104 1120 vicesimum
1127 1054 1262 1122 Nerone

164 1145 368 1234 imperante:
390 1155 459 1239 egit
472 1155 508 1220 in
519 1156 604 1220 urbe
619 1173 725 1222 annos
739 1156 885 1240 quinque
897 1175 1008 1239 supra
1020 1156 1172 1240 triginta:
1195 1157 1263 1222 dis-
1382 1159 1384 1164 '

165 1251 269 1318 eassit
289 1255 432 1340 septimo
454 1263 491 1321 et
515 1255 800 1341 quinquagesimo.
854 1256 955 1336 Quod
983 1255 1058 1338 ipse
1085 1275 1140 1322 me
1166 1256 1265 1324 docet

164 1351 281 1435 pedm,
295 1375 373 1422 cum
387 1371 458 1422 ιιι.
471 1358 526 1423 st.
541 1357 585 1431 de
598 1357 703 1422 hortis
718 1355 894 1424 Marcellae
909 1357 1026 1422 uxoris
1038 1357 1087 1424 ita
1099 1361 1206 1424 cauit:

253 1453 396 1522 Munera
408 1463 486 1524 sunt
499 1459 644 1524 doarium
658 1465 736 1542 post
749 1459 895 1542 septime
906 1458 1013 1524 lustra
1026 1477 1169 1525 reverso.

165 1553 242 1619 lib.
256 1575 336 1622 vero
349 1573 388 1622 x.
399 1559 474 1625 10⁴.
489 1560 634 1644 epatria
647 1559 829 1644 estriginta
839 1564 983 1644 quatuor
994 1577 1099 1626 annus
1111 1559 1264 1628 abfrdsse

164 1657 276 1724 adhue
290 1659 326 1723 in
338 1661 418 1726 urbe
425 1663 551 1746 dagans
562 1661 708 1746 scripsit
752 1661 858 1726 Porro
871 1675 910 1724 x.
924 1661 978 1726 id.
993 1659 1036 1724 de
1052 1660 1126 1728 suis
1139 1660 1264 1728 Katen-

165 1757 230 1838 dis,
243 1767 357 1826 munet
369 1781 408 1828 se
422 1764 735 1850 quinquagesimum
749 1762 927 1847 affinium
940 1779 1062 1828 anuum
1076 1764 1243 1848 attigisse:

341 1861 625 1949 Qninqnngesirns
637 1863 709 1930 libe
724 1864 967 1947 septimumque

337 1961 474 2030 Vestris
489 1962 646 2030 addimus
660 1963 747 2030 haue
761 1963 848 2030 iocis
864 1981 1019 2028 acerram.

168 2059 223 2126 lix
239 2063 362 2148 qnssrns
378 2064 556 2144 concludo,
577 2063 714 2149 pettam
732 2065 796 2130 sub
820 2062 967 2142 Nerone,
982 2063 1106 2144 Galba,
1121 2063 1266 2146 (idione,

168 2163 325 2245 Vitellio,
352 2165 580 2252 Vespasiano,
604 2165 699 2246 Tito,
728 2166 935 2245 Domitiano,
959 2165 1084 2245 Nerva,
1108 2166 1266 2252 Ttujuno,

168 2263 290 2332 Romae
302 2267 445 2347 vixisse,
460 2287 548 2347 enm,
564 2273 601 2332 nt
620 2269 719 2352 plane
741 2267 862 2347 sentin,
884 2269 948 2332 sub
969 2269 1114 2351 primurn
1127 2269 1266 2353 Traiani

169 2385 300 2448 annum,
320 2367 413 2452 quod
430 2369 473 2434 ab
489 2387 531 2434 en
544 2367 774 2452 negligeretur,
785 2367 821 2432 iu
836 2369 977 2452 putrium
996 2367 1140 2448 redierit,
1152 2369 1267 2454 ibique

167 2475 245 2552 post
257 2469 524 2554 quadriennium,
545 2489 712 2536 summurn
734 2469 991 2554 quinquennium
1010 2476 1176 2548 unctum,
1190 2471 1268 2536 nlti-
1354 2553 1357 2561 ⁴

168 2589 259 2635 mum
273 2571 354 2636 vite
369 2570 459 2637 diem
473 2571 641 2652 clauserit,
653 2574 702 2638 ita
715 2580 752 2636 ut
768 2571 965 2649 δειιωιταπὴς
977 2570 1047 2636 sere
1063 2571 1193 2650 obierit,
1207 2577 1268 2636 unt

169 2690 290 2738 aunum
302 2672 387 2738 ultra
404 2673 509 2738 vitam
522 2673 716 2758 prorogarit.
760 2669 857 2737 Obiit
870 2689 949 2753 ergo
963 2689 1051 2736 anno
1066 2677 1146 2754 post
1160 2669 1201 2737 0.
1221 2673 1266 2738 N.

170 2788 242 2836 err.
257 2778 321 2838 eut
334 2771 461 2856 quintu,
471 2771 610 2858 Tnjani
624 2777 744 2858 qnnrtn
755 2779 816 2837 aut
827 2771 953 2856 quinto,
963 2770 1049 2837 Sara
1059 2781 1096 2838 et
1106 2773 1268 2840 Serviano

169 2873 287 2938 imnum
316 2871 416 2940 Cosa.
445 2871 581 2959 otymp.
609 2888 769 2939 neuma
795 2887 836 2937 ιι.
858 2878 939 2956 post
961 2871 1004 2937 U.
1031 2873 1069 2938 0.
1097 2891 1267 2940 nncnnrv.

169 2973 292 3044 Ruunt
302 2973 510 3053 Domitiano,
524 2975 628 3040 immo
643 2979 678 3039 et
690 2973 771 3039 'lito
785 2993 884 3040 eurus
899 2979 1076 3058 gratusque
1087 2975 1162 3053 fuit,
1174 2995 1268 3057 mag-

170 3077 291 3161 nisque
303 3075 486 3142 honeribus
499 3081 534 3141 et
546 3076 645 3142 dunis
663 3077 708 3143 ab
727 3082 867 3158 utroque
888 3081 1043 3140 ornatus:
1058 3075 1135 3159 jure
1148 3095 1269 3160 nempe

171 3177 270 3242 trium
289 3177 477 3255 liberorum,
499 3177 590 3260 quod
612 3177 721 3243 selum
741 3175 929 3260 Imperetur
948 3174 1269 3254 nomentanum-

170 3297 305 3364 moeque
328 3283 553 3361 argumentum
577 3278 693 3362 gratim
713 3281 792 3342 eret
836 3275 890 3341 Da
912 3295 983 3360 qun
1003 3275 1137 3342 Pliru'us
1152 3279 1270 3356 minor,

170 3379 323 3460 Tacitus,
337 3379 489 3464 Lipsius,
504 3378 574 3456 ulii,
595 3383 629 3446 et
648 3395 713 3444 nus
736 3396 806 3444 suo
822 3377 908 3444 loco.
937 3376 1125 3456 ‚Gduriamr
1144 3377 1186 3444 de
1203 3377 1268 3444 hoc

171 3500 306 3548 munere
318 3480 417 3566 pnite
432 3495 489 3544 ιιι.
502 3479 557 3544 95.
1282 3505 1288 3514 ·

256 3579 404 3648 Prremiu
413 3579 556 3646 budam
572 3579 689 3645 tribuit
702 3579 785 3644 miin‘
800 3577 918 3644 Gmsur
930 3585 1083 3663 uterque,

300 3679 534 3765 Natorumque
548 3677 643 3745 dedit
651 3678 731 3764 jura
744 3685 882 3764 paterna
893 3681 1001 3746 trium.

172 3783 218 3851 Bt
231 3798 288 3850 rx.
301 3781 357 3849 98.

256 3883 444 3970 limpitur
454 3881 595 3960 invidia,
607 3881 725 3949 tribuit
738 3881 831 3968 qued
846 3881 966 3950 cesar
977 3887 1117 3967 uterque

297 3985 322 4052 J
322 4003 363 4052 n
376 3985 457 4051 mihi
471 3989 638 4062 natorum,
654 3983 820 4068 rumpitur
833 3983 972 4050 invidia.

177 4089 221 4157 Et
236 4105 277 4155 rr.
292 4087 348 4154 92.

388 4185 555 4252 Natorum
568 4184 651 4252 miti
662 4185 721 4270 jus
736 4185 833 4252 trium
849 4187 977 4270 roganti

389 4287 562 4356 Musarum
578 4288 725 4370 pretium
739 4287 833 4353 dedit
845 4307 1004 4364 mearum,
