<?xml version="1.0" encoding="UTF-8"?>
<!DOCTYPE html PUBLIC "-//W3C//DTD XHTML 1.0 Transitional//EN"
    "http://www.w3.org/TR/xhtml1/DTD/xhtml1-transitional.dtd">
<html xmlns="http://www.w3.org/1999/xhtml" xml:lang="en" lang="en">
 <head>
  <title>
</title>
<meta http-equiv="Content-Type" content="text/html;charset=utf-8" />
  <meta name='ocr-system' content='tesseract 3.04.00' />
  <meta name='ocr-capabilities' content='ocr_page ocr_carea ocr_par ocr_line ocrx_word'/>
</head>
<body>
  <div class='ocr_page' id='page_1' title='image "./marcivaleriimar04martgoog_0029.png"; bbox 0 0 3034 4902; ppageno 0'>
   <div class='ocr_carea' id='block_1_1' title="bbox 269 337 1082 408">
    <p class='ocr_par' dir='ltr' id='par_1_1' title="bbox 269 337 1082 408">
     <span class='ocr_line' id='line_1_1' title="bbox 269 337 1082 408; baseline 0 -2"><span class='ocrx_word' id='word_1_1' title='bbox 269 337 311 406; x_wconf 89' lang='grc'><strong>18</strong></span> <span class='ocrx_word' id='word_1_2' title='bbox 547 359 779 408; x_wconf 73' lang='lat' dir='ltr'><strong>reseramus</strong></span> <span class='ocrx_word' id='word_1_3' title='bbox 805 358 852 408; x_wconf 81' lang='lat' dir='ltr'><strong>us</strong></span> <span class='ocrx_word' id='word_1_4' title='bbox 876 357 1082 407; x_wconf 80' lang='grc' dir='ltr'><strong>ιιιιιιιιιιι.</strong></span> 
     </span>
    </p>
   </div>
   <div class='ocr_carea' id='block_1_2' title="bbox 190 499 1356 1988">
    <p class='ocr_par' dir='ltr' id='par_1_2' title="bbox 437 499 1140 578">
     <span class='ocr_line' id='line_1_2' title="bbox 437 499 1140 578; baseline -0.014 -8"><span class='ocrx_word' id='word_1_5' title='bbox 437 503 547 570; x_wconf 82' lang='lat' dir='ltr'><strong>Totus</strong></span> <span class='ocrx_word' id='word_1_6' title='bbox 560 503 620 569; x_wconf 86' lang='lat' dir='ltr'><strong>det</strong></span> <span class='ocrx_word' id='word_1_7' title='bbox 633 502 760 568; x_wconf 70' lang='lat' dir='ltr'><strong>tamicae</strong></span> <span class='ocrx_word' id='word_1_8' title='bbox 775 500 850 566; x_wconf 90' lang='lat' dir='ltr'><strong>dies</strong></span> <span class='ocrx_word' id='word_1_9' title='bbox 865 499 1039 578; x_wconf 77' lang='lat' dir='ltr'><strong>Minervae,</strong></span> <span class='ocrx_word' id='word_1_10' title='bbox 1137 551 1140 560; x_wconf 19' lang='grc' dir='ltr'><strong><em>Δ</em></strong></span> 
     </span>
    </p>

    <p class='ocr_par' dir='ltr' id='par_1_3' title="bbox 440 603 1105 670">
     <span class='ocr_line' id='line_1_3' title="bbox 440 603 1105 670; baseline -0.003 0"><span class='ocrx_word' id='word_1_11' title='bbox 440 607 530 670; x_wconf 89' lang='lat' dir='ltr'><strong>Dum</strong></span> <span class='ocrx_word' id='word_1_12' title='bbox 544 609 675 670; x_wconf 85' lang='lat' dir='ltr'><strong>eentrrm</strong></span> <span class='ocrx_word' id='word_1_13' title='bbox 692 603 801 670; x_wconf 78' lang='lat' dir='ltr'><strong>studet</strong></span> <span class='ocrx_word' id='word_1_14' title='bbox 815 604 948 670; x_wconf 77' lang='grc' dir='ltr'><strong>ιιιιιιιιιιι</strong></span> <span class='ocrx_word' id='word_1_15' title='bbox 963 603 1105 669; x_wconf 87' lang='lat' dir='ltr'><strong>virorum</strong></span> 
     </span>
    </p>

    <p class='ocr_par' dir='ltr' id='par_1_4' title="bbox 438 705 1124 791">
     <span class='ocr_line' id='line_1_4' title="bbox 438 705 1124 791; baseline -0.004 -19"><span class='ocrx_word' id='word_1_16' title='bbox 438 707 530 786; x_wconf 90' lang='lat' dir='ltr'><strong>Hoe,</strong></span> <span class='ocrx_word' id='word_1_17' title='bbox 545 705 635 791; x_wconf 89' lang='lat' dir='ltr'><strong>quod</strong></span> <span class='ocrx_word' id='word_1_18' title='bbox 649 706 775 772; x_wconf 84' lang='lat' dir='ltr'><strong>saecule</strong></span> <span class='ocrx_word' id='word_1_19' title='bbox 787 706 977 789; x_wconf 75' lang='lat' dir='ltr'>posterique</span> <span class='ocrx_word' id='word_1_20' title='bbox 989 706 1124 788; x_wconf 87' lang='lat' dir='ltr'><strong>possint</strong></span> 
     </span>
    </p>

    <p class='ocr_par' dir='ltr' id='par_1_5' title="bbox 436 805 1080 890">
     <span class='ocr_line' id='line_1_5' title="bbox 436 805 1080 890; baseline 0 -18"><span class='ocrx_word' id='word_1_21' title='bbox 436 805 577 890; x_wconf 79' lang='lat' dir='ltr'><strong>Arpinis</strong></span> <span class='ocrx_word' id='word_1_22' title='bbox 591 825 724 890; x_wconf 83' lang='lat' dir='ltr'><strong>quoqne</strong></span> <span class='ocrx_word' id='word_1_23' title='bbox 736 825 931 889; x_wconf 83' lang='lat' dir='ltr'><strong>comparare</strong></span> <span class='ocrx_word' id='word_1_24' title='bbox 946 805 1080 872; x_wconf 81' lang='lat' dir='ltr'><strong>chartis.</strong></span> 
     </span>
    </p>

    <p class='ocr_par' dir='ltr' id='par_1_6' title="bbox 439 906 988 973">
     <span class='ocr_line' id='line_1_6' title="bbox 439 906 988 973; baseline 0 -1"><span class='ocrx_word' id='word_1_25' title='bbox 439 907 540 972; x_wconf 87' lang='lat' dir='ltr'><strong>Seras</strong></span> <span class='ocrx_word' id='word_1_26' title='bbox 555 907 658 973; x_wconf 88' lang='lat' dir='ltr'><strong>tutior</strong></span> <span class='ocrx_word' id='word_1_27' title='bbox 671 907 738 972; x_wconf 87' lang='lat' dir='ltr'><strong>ibis</strong></span> <span class='ocrx_word' id='word_1_28' title='bbox 753 907 798 972; x_wconf 89' lang='lat' dir='ltr'><strong>ad</strong></span> <span class='ocrx_word' id='word_1_29' title='bbox 812 906 988 972; x_wconf 84' lang='lat' dir='ltr'><strong>lucernas:</strong></span> 
     </span>
    </p>

    <p class='ocr_par' dir='ltr' id='par_1_7' title="bbox 441 1007 1118 1094">
     <span class='ocr_line' id='line_1_7' title="bbox 441 1007 1118 1094; baseline -0.001 -20"><span class='ocrx_word' id='word_1_30' title='bbox 441 1008 532 1076; x_wconf 76' lang='lat' dir='ltr'><strong>Haeo</strong></span> <span class='ocrx_word' id='word_1_31' title='bbox 546 1009 629 1077; x_wconf 85' lang='lat' dir='ltr'><strong>hora</strong></span> <span class='ocrx_word' id='word_1_32' title='bbox 643 1015 780 1086; x_wconf 85' lang='lat' dir='ltr'><strong>eattae,</strong></span> <span class='ocrx_word' id='word_1_33' title='bbox 795 1029 871 1074; x_wconf 88' lang='lat' dir='ltr'><strong>cum</strong></span> <span class='ocrx_word' id='word_1_34' title='bbox 886 1009 965 1074; x_wconf 87' lang='lat' dir='ltr'><strong>surit</strong></span> <span class='ocrx_word' id='word_1_35' title='bbox 983 1007 1118 1094; x_wconf 79' lang='lat' dir='ltr'><strong>Lyaeus,</strong></span> 
     </span>
    </p>

    <p class='ocr_par' dir='ltr' id='par_1_8' title="bbox 436 1110 1144 1195">
     <span class='ocr_line' id='line_1_8' title="bbox 436 1110 1144 1195; baseline -0.003 -17"><span class='ocrx_word' id='word_1_36' title='bbox 436 1111 522 1178; x_wconf 83' lang='lat' dir='ltr'><strong>Cum</strong></span> <span class='ocrx_word' id='word_1_37' title='bbox 536 1118 650 1195; x_wconf 80' lang='lat' dir='ltr'><strong>regnet</strong></span> <span class='ocrx_word' id='word_1_38' title='bbox 664 1127 752 1188; x_wconf 85' lang='lat' dir='ltr'><strong>rosa,</strong></span> <span class='ocrx_word' id='word_1_39' title='bbox 768 1129 846 1174; x_wconf 88' lang='lat' dir='ltr'><strong>enm</strong></span> <span class='ocrx_word' id='word_1_40' title='bbox 861 1110 996 1176; x_wconf 89' lang='lat' dir='ltr'><strong>madent</strong></span> <span class='ocrx_word' id='word_1_41' title='bbox 1009 1110 1144 1194; x_wconf 85' lang='lat' dir='ltr'><strong>capilli:</strong></span> 
     </span>
    </p>

    <p class='ocr_par' dir='ltr' id='par_1_9' title="bbox 436 1209 1072 1293">
     <span class='ocr_line' id='line_1_9' title="bbox 436 1209 1072 1293; baseline -0.013 -14"><span class='ocrx_word' id='word_1_42' title='bbox 436 1213 534 1279; x_wconf 84' lang='lat' dir='ltr'><strong>Tune</strong></span> <span class='ocrx_word' id='word_1_43' title='bbox 547 1231 601 1276; x_wconf 92' lang='lat' dir='ltr'><strong>me</strong></span> <span class='ocrx_word' id='word_1_44' title='bbox 616 1210 668 1276; x_wconf 88' lang='lat' dir='ltr'><strong>vel</strong></span> <span class='ocrx_word' id='word_1_45' title='bbox 682 1209 780 1293; x_wconf 78' lang='lat' dir='ltr'>rigidi</span> <span class='ocrx_word' id='word_1_46' title='bbox 793 1211 904 1293; x_wconf 82' lang='lat' dir='ltr'><strong>legant</strong></span> <span class='ocrx_word' id='word_1_47' title='bbox 917 1209 1072 1276; x_wconf 81' lang='lat' dir='ltr'><strong>Catones.</strong></span> 
     </span>
    </p>

    <p class='ocr_par' dir='ltr' id='par_1_10' title="bbox 190 1311 1356 1988">
     <span class='ocr_line' id='line_1_10' title="bbox 190 1311 1353 1398; baseline -0.004 -15"><span class='ocrx_word' id='word_1_48' title='bbox 190 1362 192 1370; x_wconf 86' lang='lat'>-</span> <span class='ocrx_word' id='word_1_49' title='bbox 267 1317 432 1382; x_wconf 77' lang='lat' dir='ltr'>Meritone</span> <span class='ocrx_word' id='word_1_50' title='bbox 447 1333 536 1394; x_wconf 89' lang='lat' dir='ltr'><strong>eum,</strong></span> <span class='ocrx_word' id='word_1_51' title='bbox 549 1313 608 1398; x_wconf 85' lang='lat' dir='ltr'><strong>qui</strong></span> <span class='ocrx_word' id='word_1_52' title='bbox 621 1312 688 1378; x_wconf 86' lang='lat' dir='ltr'><strong>hoe</strong></span> <span class='ocrx_word' id='word_1_53' title='bbox 703 1311 745 1376; x_wconf 94' lang='lat' dir='ltr'><strong>de</strong></span> <span class='ocrx_word' id='word_1_54' title='bbox 758 1331 813 1378; x_wconf 91' lang='lat' dir='ltr'><strong>me</strong></span> <span class='ocrx_word' id='word_1_55' title='bbox 826 1313 977 1396; x_wconf 84' lang='lat' dir='ltr'><strong>scripsit,</strong></span> <span class='ocrx_word' id='word_1_56' title='bbox 1000 1318 1034 1378; x_wconf 92' lang='lat' dir='ltr'><strong>et</strong></span> <span class='ocrx_word' id='word_1_57' title='bbox 1056 1319 1134 1378; x_wconf 90' lang='lat' dir='ltr'><strong>tune</strong></span> <span class='ocrx_word' id='word_1_58' title='bbox 1147 1311 1261 1378; x_wconf 91' lang='lat' dir='ltr'><strong>dimisi</strong></span> <span class='ocrx_word' id='word_1_59' title='bbox 1273 1313 1353 1380; x_wconf 83' lang='lat' dir='ltr'><strong>umi-</strong></span> 
     </span>
     <span class='ocr_line' id='line_1_11' title="bbox 267 1412 1356 1494; baseline -0.006 -11"><span class='ocrx_word' id='word_1_60' title='bbox 267 1417 413 1494; x_wconf 82' lang='lat' dir='ltr'><strong>eissime,</strong></span> <span class='ocrx_word' id='word_1_61' title='bbox 429 1421 463 1480; x_wconf 89' lang='lat' dir='ltr'><strong>et</strong></span> <span class='ocrx_word' id='word_1_62' title='bbox 482 1433 581 1492; x_wconf 88' lang='lat' dir='ltr'><strong>nunc,</strong></span> <span class='ocrx_word' id='word_1_63' title='bbox 602 1421 641 1478; x_wconf 89' lang='lat' dir='ltr'><strong>ut</strong></span> <span class='ocrx_word' id='word_1_64' title='bbox 663 1413 914 1491; x_wconf 77' lang='lat' dir='ltr'><strong>amicissimum,</strong></span> <span class='ocrx_word' id='word_1_65' title='bbox 930 1412 1120 1480; x_wconf 78' lang='lat' dir='ltr'><strong>defunctum</strong></span> <span class='ocrx_word' id='word_1_66' title='bbox 1139 1433 1215 1480; x_wconf 87' lang='lat' dir='ltr'><strong>esse</strong></span> <span class='ocrx_word' id='word_1_67' title='bbox 1235 1415 1356 1480; x_wconf 81' lang='lat' dir='ltr'><strong>doleat</strong></span> 
     </span>
     <span class='ocr_line' id='line_1_12' title="bbox 266 1513 1356 1598; baseline -0.004 -16"><span class='ocrx_word' id='word_1_68' title='bbox 266 1517 373 1582; x_wconf 82' lang='lat' dir='ltr'><strong>Dedit</strong></span> <span class='ocrx_word' id='word_1_69' title='bbox 387 1517 474 1580; x_wconf 93' lang='lat' dir='ltr'><strong>enim</strong></span> <span class='ocrx_word' id='word_1_70' title='bbox 488 1514 581 1594; x_wconf 84' lang='lat' dir='ltr'><strong>milri,</strong></span> <span class='ocrx_word' id='word_1_71' title='bbox 595 1521 758 1598; x_wconf 86' lang='lat' dir='ltr'><strong>qnantum</strong></span> <span class='ocrx_word' id='word_1_72' title='bbox 771 1514 918 1578; x_wconf 83' lang='lat' dir='ltr'><strong>maxime</strong></span> <span class='ocrx_word' id='word_1_73' title='bbox 932 1515 1065 1597; x_wconf 85' lang='lat' dir='ltr'><strong>potuit:</strong></span> <span class='ocrx_word' id='word_1_74' title='bbox 1086 1513 1224 1580; x_wconf 87' lang='lat' dir='ltr'><strong>daturus</strong></span> <span class='ocrx_word' id='word_1_75' title='bbox 1237 1513 1356 1598; x_wconf 89' lang='lat' dir='ltr'><strong>ampli·</strong></span> 
     </span>
     <span class='ocr_line' id='line_1_13' title="bbox 265 1613 1356 1700; baseline -0.001 -19"><span class='ocrx_word' id='word_1_76' title='bbox 265 1635 318 1694; x_wconf 86' lang='lat' dir='ltr'><strong>us,</strong></span> <span class='ocrx_word' id='word_1_77' title='bbox 335 1618 365 1682; x_wconf 92' lang='lat' dir='ltr'><strong>si</strong></span> <span class='ocrx_word' id='word_1_78' title='bbox 379 1615 555 1700; x_wconf 83' lang='lat' dir='ltr'><strong>potuisset.</strong></span> <span class='ocrx_word' id='word_1_79' title='bbox 598 1615 747 1678; x_wconf 85' lang='lat' dir='ltr'><strong>Tametsi</strong></span> <span class='ocrx_word' id='word_1_80' title='bbox 772 1613 853 1698; x_wconf 88' lang='lat' dir='ltr'><strong>quid</strong></span> <span class='ocrx_word' id='word_1_81' title='bbox 875 1613 1002 1680; x_wconf 86' lang='lat' dir='ltr'><strong>homini</strong></span> <span class='ocrx_word' id='word_1_82' title='bbox 1016 1621 1130 1699; x_wconf 89' lang='lat' dir='ltr'><strong>potest</strong></span> <span class='ocrx_word' id='word_1_83' title='bbox 1152 1615 1224 1680; x_wconf 84' lang='lat' dir='ltr'><strong>dari</strong></span> <span class='ocrx_word' id='word_1_84' title='bbox 1245 1613 1356 1697; x_wconf 88' lang='lat' dir='ltr'><strong>majus</strong></span> 
     </span>
     <span class='ocr_line' id='line_1_14' title="bbox 265 1711 1355 1805; baseline 0 -23"><span class='ocrx_word' id='word_1_85' title='bbox 265 1717 493 1805; x_wconf 69' lang='lat' dir='ltr'><strong>quampluris,</strong></span> <span class='ocrx_word' id='word_1_86' title='bbox 508 1716 594 1793; x_wconf 86' lang='lat' dir='ltr'><strong>laus,</strong></span> <span class='ocrx_word' id='word_1_87' title='bbox 609 1721 643 1780; x_wconf 91' lang='lat' dir='ltr'><strong>et</strong></span> <span class='ocrx_word' id='word_1_88' title='bbox 657 1715 846 1780; x_wconf 83' lang='lat' dir='ltr'><strong>aeteruitust</strong></span> <span class='ocrx_word' id='word_1_89' title='bbox 889 1711 940 1780; x_wconf 78' lang='lat' dir='ltr'><strong>At</strong></span> <span class='ocrx_word' id='word_1_90' title='bbox 952 1734 1020 1781; x_wconf 90' lang='lat' dir='ltr'><strong>non</strong></span> <span class='ocrx_word' id='word_1_91' title='bbox 1030 1723 1125 1784; x_wconf 89' lang='lat' dir='ltr'><strong>erunt</strong></span> <span class='ocrx_word' id='word_1_92' title='bbox 1137 1721 1355 1800; x_wconf 70' lang='lat' dir='ltr'><strong>aeternaque</strong></span> 
     </span>
     <span class='ocr_line' id='line_1_15' title="bbox 264 1815 1355 1905; baseline -0.002 -19"><span class='ocrx_word' id='word_1_93' title='bbox 264 1819 423 1905; x_wconf 81' lang='lat' dir='ltr'><strong>seripsitt</strong></span> <span class='ocrx_word' id='word_1_94' title='bbox 468 1818 548 1884; x_wconf 89' lang='lat' dir='ltr'><strong>Non</strong></span> <span class='ocrx_word' id='word_1_95' title='bbox 561 1823 656 1884; x_wconf 90' lang='lat' dir='ltr'><strong>eruut</strong></span> <span class='ocrx_word' id='word_1_96' title='bbox 669 1815 830 1883; x_wconf 78' lang='lat' dir='ltr'><strong>fortasse:</strong></span> <span class='ocrx_word' id='word_1_97' title='bbox 845 1816 903 1882; x_wconf 92' lang='lat' dir='ltr'><strong>ille</strong></span> <span class='ocrx_word' id='word_1_98' title='bbox 914 1824 1025 1884; x_wconf 89' lang='lat' dir='ltr'><strong>tamen</strong></span> <span class='ocrx_word' id='word_1_99' title='bbox 1038 1819 1182 1905; x_wconf 79' lang='lat' dir='ltr'><strong>scripsit,</strong></span> <span class='ocrx_word' id='word_1_100' title='bbox 1195 1825 1355 1903; x_wconf 86' lang='lat' dir='ltr'><strong>tanquam</strong></span> 
     </span>
     <span class='ocr_line' id='line_1_16' title="bbox 264 1917 530 1988; baseline -0.015 -2"><span class='ocrx_word' id='word_1_101' title='bbox 264 1922 385 1988; x_wconf 82' lang='lat' dir='ltr'><strong>sutura.</strong></span> <span class='ocrx_word' id='word_1_102' title='bbox 428 1917 530 1986; x_wconf 83' lang='lat' dir='ltr'><strong>Vale.</strong></span> 
     </span>
    </p>
   </div>
   <div class='ocr_carea' id='block_1_3' title="bbox 263 2079 1354 2251">
    <p class='ocr_par' dir='ltr' id='par_1_11' title="bbox 263 2079 1354 2251">
     <span class='ocr_line' id='line_1_17' title="bbox 263 2079 1354 2250; baseline -0.005 -97"><span class='ocrx_word' id='word_1_103' title='bbox 263 2088 374 2154; x_wconf 86' lang='lat' dir='ltr'><strong>AElins</strong></span> <span class='ocrx_word' id='word_1_104' title='bbox 389 2087 598 2171; x_wconf 76' lang='lat' dir='ltr'><strong>Spartianus,</strong></span> <span class='ocrx_word' id='word_1_105' title='bbox 622 2087 657 2151; x_wconf 93' lang='lat' dir='ltr'><strong>in</strong></span> <span class='ocrx_word' id='word_1_106' title='bbox 672 2086 711 2151; x_wconf 81' lang='lat' dir='ltr'><strong>L.</strong></span> <span class='ocrx_word' id='word_1_107' title='bbox 727 2083 857 2250; x_wconf 43' lang='lat' dir='ltr'><strong>Gexjronii</strong></span> <span class='ocrx_word' id='word_1_108' title='bbox 872 2082 1060 2162; x_wconf 81' lang='lat' dir='ltr'><strong>Commodi,</strong></span> <span class='ocrx_word' id='word_1_109' title='bbox 1082 2084 1156 2150; x_wconf 84' lang='lat' dir='ltr'><strong>sive</strong></span> <span class='ocrx_word' id='word_1_110' title='bbox 1171 2083 1254 2148; x_wconf 87' lang='lat' dir='ltr'><strong>AElii</strong></span> <span class='ocrx_word' id='word_1_111' title='bbox 1269 2079 1354 2148; x_wconf 92' lang='lat' dir='ltr'><strong>Veri</strong></span> 
     </span>
     <span class='ocr_line' id='line_1_18' title="bbox 799 2186 857 2251; baseline 0 -2"><span class='ocrx_word' id='word_1_112' title='bbox 799 2186 857 2251; x_wconf 84' lang='lat' dir='ltr'><strong>ita.</strong></span> 
     </span>
    </p>
   </div>
   <div class='ocr_carea' id='block_1_4' title="bbox 262 2315 1354 2600">
    <p class='ocr_par' dir='ltr' id='par_1_12' title="bbox 262 2315 1354 2586">
     <span class='ocr_line' id='line_1_19' title="bbox 306 2315 1354 2400; baseline -0.003 -15"><span class='ocrx_word' id='word_1_113' title='bbox 306 2319 400 2385; x_wconf 87' lang='lat' dir='ltr'><strong>Idem</strong></span> <span class='ocrx_word' id='word_1_114' title='bbox 415 2317 529 2384; x_wconf 89' lang='lat' dir='ltr'><strong>Ovidii</strong></span> <span class='ocrx_word' id='word_1_115' title='bbox 550 2319 653 2384; x_wconf 90' lang='lat' dir='ltr'><strong>libros</strong></span> <span class='ocrx_word' id='word_1_116' title='bbox 675 2315 861 2383; x_wconf 84' lang='lat' dir='ltr'><strong>Amorum</strong></span> <span class='ocrx_word' id='word_1_117' title='bbox 850 2336 886 2382; x_wconf 91' lang='lat' dir='ltr'><strong>m</strong></span> <span class='ocrx_word' id='word_1_118' title='bbox 908 2317 999 2383; x_wconf 83' lang='lat' dir='ltr'><strong>lecte</strong></span> <span class='ocrx_word' id='word_1_119' title='bbox 1021 2335 1152 2400; x_wconf 84' lang='lat' dir='ltr'><strong>semper</strong></span> <span class='ocrx_word' id='word_1_120' title='bbox 1176 2316 1354 2396; x_wconf 80' lang='lat' dir='ltr'><strong>habuisse3</strong></span> 
     </span>
     <span class='ocr_line' id='line_1_20' title="bbox 262 2415 1354 2600; baseline -0.001 -115"><span class='ocrx_word' id='word_1_121' title='bbox 262 2418 562 2600; x_wconf 47' lang='grc' dir='ltr'><strong>ἓὲιιωέιιὲθιεὶιὲιιι</strong></span> <span class='ocrx_word' id='word_1_122' title='bbox 584 2418 897 2502; x_wconf 76' lang='lat' dir='ltr'><strong>Epigrammatieum</strong></span> <span class='ocrx_word' id='word_1_123' title='bbox 912 2417 1048 2502; x_wconf 77' lang='lat' dir='ltr'><strong>pedtam</strong></span> <span class='ocrx_word' id='word_1_124' title='bbox 1062 2415 1241 2500; x_wconf 73' lang='lat' dir='ltr'><strong>Virgilium</strong></span> <span class='ocrx_word' id='word_1_125' title='bbox 1255 2435 1354 2484; x_wconf 85' lang='lat' dir='ltr'><strong>snum</strong></span> 
     </span>
    </p>
   </div>
   <div class='ocr_carea' id='block_1_5' title="bbox 383 2682 1231 2770">
    <p class='ocr_par' dir='ltr' id='par_1_13' title="bbox 383 2682 1231 2770">
     <span class='ocr_line' id='line_1_21' title="bbox 383 2682 1231 2770; baseline -0.004 -19"><span class='ocrx_word' id='word_1_126' title='bbox 383 2685 496 2751; x_wconf 80' lang='lat' dir='ltr'><strong>AElius</strong></span> <span class='ocrx_word' id='word_1_127' title='bbox 512 2684 765 2770; x_wconf 82' lang='lat' dir='ltr'><strong>Lampridius,&#39;</strong></span> <span class='ocrx_word' id='word_1_128' title='bbox 755 2705 790 2750; x_wconf 91' lang='grc' dir='ltr'><strong>ιιι</strong></span> <span class='ocrx_word' id='word_1_129' title='bbox 805 2682 992 2749; x_wconf 80' lang='lat' dir='ltr'><strong>Alexandri</strong></span> <span class='ocrx_word' id='word_1_130' title='bbox 1006 2684 1122 2750; x_wconf 82' lang='lat' dir='ltr'><strong>Severi</strong></span> <span class='ocrx_word' id='word_1_131' title='bbox 1136 2683 1231 2748; x_wconf 88' lang='lat' dir='ltr'><strong>Vita.</strong></span> 
     </span>
    </p>
   </div>
   <div class='ocr_carea' id='block_1_6' title="bbox 254 2816 1360 3684">
    <p class='ocr_par' dir='ltr' id='par_1_14' title="bbox 254 2816 1360 3610">
     <span class='ocr_line' id='line_1_22' title="bbox 303 2816 1353 2903; baseline -0.002 -19"><span class='ocrx_word' id='word_1_132' title='bbox 303 2819 467 2903; x_wconf 80' lang='lat' dir='ltr'><strong>Leporem</strong></span> <span class='ocrx_word' id='word_1_133' title='bbox 492 2816 644 2901; x_wconf 84' lang='lat' dir='ltr'><strong>quotidie</strong></span> <span class='ocrx_word' id='word_1_134' title='bbox 667 2817 796 2898; x_wconf 85' lang='lat' dir='ltr'><strong>habuit,</strong></span> <span class='ocrx_word' id='word_1_135' title='bbox 819 2817 1030 2884; x_wconf 85' lang='lat' dir='ltr'><strong>venationem</strong></span> <span class='ocrx_word' id='word_1_136' title='bbox 1058 2817 1268 2902; x_wconf 80' lang='lat' dir='ltr'><strong>frequentem,</strong></span> <span class='ocrx_word' id='word_1_137' title='bbox 1291 2817 1353 2882; x_wconf 88' lang='lat' dir='ltr'><strong>sed</strong></span> 
     </span>
     <span class='ocr_line' id='line_1_23' title="bbox 258 2918 1353 3004; baseline -0.004 -18"><span class='ocrx_word' id='word_1_138' title='bbox 258 2939 334 3004; x_wconf 82' lang='lat' dir='ltr'><strong>eam</strong></span> <span class='ocrx_word' id='word_1_139' title='bbox 348 2939 424 2985; x_wconf 88' lang='lat' dir='ltr'><strong>cum</strong></span> <span class='ocrx_word' id='word_1_140' title='bbox 440 2919 558 2984; x_wconf 86' lang='lat' dir='ltr'><strong>amieis</strong></span> <span class='ocrx_word' id='word_1_141' title='bbox 572 2918 753 2998; x_wconf 78' lang='lat' dir='ltr'><strong>dividebat,</strong></span> <span class='ocrx_word' id='word_1_142' title='bbox 772 2925 807 2986; x_wconf 90' lang='lat' dir='ltr'><strong>et</strong></span> <span class='ocrx_word' id='word_1_143' title='bbox 820 2920 873 2984; x_wconf 91' lang='lat' dir='ltr'><strong>his</strong></span> <span class='ocrx_word' id='word_1_144' title='bbox 887 2920 1034 2984; x_wconf 81' lang='lat' dir='ltr'><strong>maxime</strong></span> <span class='ocrx_word' id='word_1_145' title='bbox 1049 2939 1136 3003; x_wconf 89' lang='lat' dir='ltr'><strong>quos</strong></span> <span class='ocrx_word' id='word_1_146' title='bbox 1150 2919 1279 2984; x_wconf 86' lang='lat' dir='ltr'><strong>sciebat</strong></span> <span class='ocrx_word' id='word_1_147' title='bbox 1292 2937 1353 3002; x_wconf 90' lang='lat' dir='ltr'><strong>per</strong></span> 
     </span>
     <span class='ocr_line' id='line_1_24' title="bbox 258 3020 1351 3106; baseline -0.002 -20"><span class='ocrx_word' id='word_1_148' title='bbox 258 3039 295 3086; x_wconf 85' lang='lat' dir='ltr'><strong>se</strong></span> <span class='ocrx_word' id='word_1_149' title='bbox 308 3020 519 3086; x_wconf 87' lang='lat' dir='ltr'><strong>nonhabere.</strong></span> <span class='ocrx_word' id='word_1_150' title='bbox 565 3021 640 3086; x_wconf 88' lang='lat' dir='ltr'><strong>Nec</strong></span> <span class='ocrx_word' id='word_1_151' title='bbox 656 3021 814 3087; x_wconf 87' lang='lat' dir='ltr'><strong>divitibus</strong></span> <span class='ocrx_word' id='word_1_152' title='bbox 837 3021 1018 3106; x_wconf 87' lang='lat' dir='ltr'><strong>quiequam</strong></span> <span class='ocrx_word' id='word_1_153' title='bbox 1041 3020 1157 3085; x_wconf 86' lang='lat' dir='ltr'><strong>talium</strong></span> <span class='ocrx_word' id='word_1_154' title='bbox 1179 3037 1351 3084; x_wconf 88' lang='lat' dir='ltr'><strong>munerum</strong></span> 
     </span>
     <span class='ocr_line' id='line_1_25' title="bbox 257 3117 1352 3208; baseline -0.004 -23"><span class='ocrx_word' id='word_1_155' title='bbox 257 3121 362 3200; x_wconf 86' lang='lat' dir='ltr'><strong>misit,</strong></span> <span class='ocrx_word' id='word_1_156' title='bbox 385 3121 446 3186; x_wconf 90' lang='lat' dir='ltr'><strong>sed</strong></span> <span class='ocrx_word' id='word_1_157' title='bbox 461 3123 570 3188; x_wconf 86' lang='lat' dir='ltr'><strong>abhis</strong></span> <span class='ocrx_word' id='word_1_158' title='bbox 594 3142 727 3208; x_wconf 90' lang='lat' dir='ltr'><strong>semper</strong></span> <span class='ocrx_word' id='word_1_159' title='bbox 741 3125 882 3206; x_wconf 83' lang='lat' dir='ltr'><strong>aceepit.</strong></span> <span class='ocrx_word' id='word_1_160' title='bbox 926 3121 970 3202; x_wconf 84' lang='lat' dir='ltr'><strong>Et</strong></span> <span class='ocrx_word' id='word_1_161' title='bbox 999 3119 1090 3204; x_wconf 88' lang='lat' dir='ltr'><strong>quod</strong></span> <span class='ocrx_word' id='word_1_162' title='bbox 1118 3119 1174 3184; x_wconf 91' lang='lat' dir='ltr'><strong>illa</strong></span> <span class='ocrx_word' id='word_1_163' title='bbox 1201 3117 1352 3201; x_wconf 89' lang='lat' dir='ltr'><strong>leporem</strong></span> 
     </span>
     <span class='ocr_line' id='line_1_26' title="bbox 257 3217 1360 3306; baseline -0.001 -21"><span class='ocrx_word' id='word_1_164' title='bbox 257 3222 407 3303; x_wconf 86' lang='lat' dir='ltr'><strong>qnotidie</strong></span> <span class='ocrx_word' id='word_1_165' title='bbox 421 3222 568 3301; x_wconf 82' lang='lat' dir='ltr'><strong>haberet,</strong></span> <span class='ocrx_word' id='word_1_166' title='bbox 577 3223 679 3306; x_wconf 87' lang='lat' dir='ltr'><strong>jocus</strong></span> <span class='ocrx_word' id='word_1_167' title='bbox 693 3223 853 3287; x_wconf 67' lang='lat' dir='ltr'><strong>Poeticae</strong></span> <span class='ocrx_word' id='word_1_168' title='bbox 864 3221 1008 3298; x_wconf 88' lang='lat' dir='ltr'><strong>emersit,</strong></span> <span class='ocrx_word' id='word_1_169' title='bbox 1017 3219 1146 3284; x_wconf 86' lang='lat' dir='ltr'><strong>ideirco</strong></span> <span class='ocrx_word' id='word_1_170' title='bbox 1158 3217 1248 3304; x_wconf 87' lang='lat' dir='ltr'><strong>quod</strong></span> <span class='ocrx_word' id='word_1_171' title='bbox 1257 3217 1360 3284; x_wconf 90' lang='lat' dir='ltr'><strong>multi·</strong></span> 
     </span>
     <span class='ocr_line' id='line_1_27' title="bbox 257 3321 1349 3405; baseline -0.001 -21"><span class='ocrx_word' id='word_1_172' title='bbox 257 3326 385 3404; x_wconf 87' lang='lat' dir='ltr'><strong>septem</strong></span> <span class='ocrx_word' id='word_1_173' title='bbox 398 3321 518 3386; x_wconf 89' lang='lat' dir='ltr'><strong>diebus</strong></span> <span class='ocrx_word' id='word_1_174' title='bbox 532 3321 689 3405; x_wconf 84' lang='lat' dir='ltr'><strong>pulchros</strong></span> <span class='ocrx_word' id='word_1_175' title='bbox 703 3340 778 3385; x_wconf 89' lang='lat' dir='ltr'><strong>esse</strong></span> <span class='ocrx_word' id='word_1_176' title='bbox 792 3321 909 3384; x_wconf 89' lang='lat' dir='ltr'><strong>dicunt</strong></span> <span class='ocrx_word' id='word_1_177' title='bbox 923 3339 982 3386; x_wconf 89' lang='lat' dir='ltr'><strong>eus</strong></span> <span class='ocrx_word' id='word_1_178' title='bbox 996 3322 1054 3404; x_wconf 89' lang='lat' dir='ltr'><strong>qui</strong></span> <span class='ocrx_word' id='word_1_179' title='bbox 1073 3321 1221 3404; x_wconf 91' lang='lat' dir='ltr'><strong>leporem</strong></span> <span class='ocrx_word' id='word_1_180' title='bbox 1236 3337 1349 3385; x_wconf 89' lang='lat' dir='ltr'><strong>come-</strong></span> 
     </span>
     <span class='ocr_line' id='line_1_28' title="bbox 258 3419 1350 3506; baseline 0 -22"><span class='ocrx_word' id='word_1_181' title='bbox 258 3419 378 3500; x_wconf 87' lang='lat' dir='ltr'><strong>derint,</strong></span> <span class='ocrx_word' id='word_1_182' title='bbox 392 3429 431 3488; x_wconf 92' lang='lat' dir='ltr'><strong>ut</strong></span> <span class='ocrx_word' id='word_1_183' title='bbox 446 3421 614 3488; x_wconf 75' lang='lat' dir='ltr'><strong>Martialis</strong></span> <span class='ocrx_word' id='word_1_184' title='bbox 636 3420 720 3488; x_wconf 85' lang='lat' dir='ltr'><strong>coci</strong></span> <span class='ocrx_word' id='word_1_185' title='bbox 735 3421 949 3506; x_wconf 80' lang='lat' dir='ltr'><strong>Epigramma</strong></span> <span class='ocrx_word' id='word_1_186' title='bbox 963 3421 1138 3504; x_wconf 75' lang='lat' dir='ltr'><strong>signifieat,</strong></span> <span class='ocrx_word' id='word_1_187' title='bbox 1163 3419 1253 3506; x_wconf 87' lang='lat' dir='ltr'><strong>quod</strong></span> <span class='ocrx_word' id='word_1_188' title='bbox 1268 3437 1350 3485; x_wconf 88' lang='lat' dir='ltr'><strong>eou-</strong></span> 
     </span>
     <span class='ocr_line' id='line_1_29' title="bbox 254 3521 1348 3684; baseline 0 -98"><span class='ocrx_word' id='word_1_189' title='bbox 254 3525 306 3586; x_wconf 85' lang='lat' dir='ltr'><strong>tre</strong></span> <span class='ocrx_word' id='word_1_190' title='bbox 300 3522 493 3684; x_wconf 40' lang='lat' dir='ltr'><strong>&#39;quandam</strong></span> <span class='ocrx_word' id='word_1_191' title='bbox 515 3521 662 3590; x_wconf 83' lang='lat' dir='ltr'><strong>Gelliam</strong></span> <span class='ocrx_word' id='word_1_192' title='bbox 692 3525 825 3608; x_wconf 85' lang='lat' dir='ltr'><strong>scripsit</strong></span> <span class='ocrx_word' id='word_1_193' title='bbox 848 3523 1056 3610; x_wconf 88' lang='lat' dir='ltr'><strong>hujusmodi:</strong></span> <span class='ocrx_word' id='word_1_194' title='bbox 1083 3523 1173 3608; x_wconf 85' lang='lat' dir='ltr'><strong>[Lib.</strong></span> <span class='ocrx_word' id='word_1_195' title='bbox 1189 3539 1223 3586; x_wconf 89' lang='lat' dir='ltr'><strong>v.</strong></span> <span class='ocrx_word' id='word_1_196' title='bbox 1250 3521 1348 3605; x_wconf 80' lang='lat' dir='ltr'><strong>Epig</strong></span> 
     </span>
    </p>
   </div>
   <div class='ocr_carea' id='block_1_7' title="bbox 255 3667 1346 4216">
    <p class='ocr_par' dir='ltr' id='par_1_15' title="bbox 255 3667 1346 4216">
     <span class='ocr_line' id='line_1_30' title="bbox 300 3667 1240 3810; baseline -0.002 -20.915"><span class='ocrx_word' id='word_1_197' title='bbox 300 3667 424 3790; x_wconf 42' lang='lat' dir='ltr'><strong>&#39;Cum</strong></span> <span class='ocrx_word' id='word_1_198' title='bbox 439 3725 585 3810; x_wconf 88' lang='lat' dir='ltr'><strong>leporem</strong></span> <span class='ocrx_word' id='word_1_199' title='bbox 599 3725 712 3804; x_wconf 87' lang='lat' dir='ltr'><strong>mittis,</strong></span> <span class='ocrx_word' id='word_1_200' title='bbox 725 3743 856 3809; x_wconf 86' lang='lat' dir='ltr'><strong>semper</strong></span> <span class='ocrx_word' id='word_1_201' title='bbox 869 3725 949 3790; x_wconf 90' lang='lat' dir='ltr'><strong>mihi</strong></span> <span class='ocrx_word' id='word_1_202' title='bbox 965 3723 1075 3792; x_wconf 84' lang='lat' dir='ltr'><strong>Gellia</strong></span> <span class='ocrx_word' id='word_1_203' title='bbox 1089 3724 1240 3800; x_wconf 88' lang='lat' dir='ltr'><strong>mandas,</strong></span> 
     </span>
     <span class='ocr_line' id='line_1_31' title="bbox 385 3825 1056 3910; baseline 0 -20"><span class='ocrx_word' id='word_1_204' title='bbox 385 3825 519 3910; x_wconf 90' lang='lat' dir='ltr'><strong>Septem</strong></span> <span class='ocrx_word' id='word_1_205' title='bbox 533 3827 697 3893; x_wconf 81' lang='lat' dir='ltr'><strong>formosus</strong></span> <span class='ocrx_word' id='word_1_206' title='bbox 714 3827 829 3893; x_wconf 83' lang='lat' dir='ltr'><strong>Marce</strong></span> <span class='ocrx_word' id='word_1_207' title='bbox 844 3825 962 3891; x_wconf 86' lang='lat' dir='ltr'><strong>diebus</strong></span> <span class='ocrx_word' id='word_1_208' title='bbox 978 3827 1056 3891; x_wconf 87' lang='lat' dir='ltr'><strong>eris.</strong></span> 
     </span>
     <span class='ocr_line' id='line_1_32' title="bbox 341 3926 1082 4007; baseline 0 -15"><span class='ocrx_word' id='word_1_209' title='bbox 341 3927 380 3992; x_wconf 91' lang='lat' dir='ltr'><strong>Si</strong></span> <span class='ocrx_word' id='word_1_210' title='bbox 394 3945 507 3992; x_wconf 86' lang='lat' dir='ltr'><strong>verum</strong></span> <span class='ocrx_word' id='word_1_211' title='bbox 521 3926 618 4007; x_wconf 68' lang='lat' dir='ltr'><strong>dicia</strong></span> <span class='ocrx_word' id='word_1_212' title='bbox 632 3927 662 3992; x_wconf 92' lang='lat' dir='ltr'><strong>si</strong></span> <span class='ocrx_word' id='word_1_213' title='bbox 675 3947 790 3992; x_wconf 86' lang='lat' dir='ltr'><strong>rerum</strong></span> <span class='ocrx_word' id='word_1_214' title='bbox 804 3927 915 3994; x_wconf 78' lang='lat' dir='ltr'><strong>Gellia</strong></span> <span class='ocrx_word' id='word_1_215' title='bbox 927 3927 1082 4006; x_wconf 85' lang='lat' dir='ltr'><strong>mandas,</strong></span> 
     </span>
     <span class='ocr_line' id='line_1_33' title="bbox 384 4027 1023 4114; baseline 0.005 -22"><span class='ocrx_word' id='word_1_216' title='bbox 384 4027 493 4092; x_wconf 84' lang='lat' dir='ltr'><strong>Edisti</strong></span> <span class='ocrx_word' id='word_1_217' title='bbox 507 4049 675 4114; x_wconf 89' lang='lat' dir='ltr'><strong>nunquam</strong></span> <span class='ocrx_word' id='word_1_218' title='bbox 689 4029 803 4096; x_wconf 86' lang='lat' dir='ltr'><strong>Gellia</strong></span> <span class='ocrx_word' id='word_1_219' title='bbox 818 4037 854 4096; x_wconf 91' lang='lat' dir='ltr'><strong>tu</strong></span> <span class='ocrx_word' id='word_1_220' title='bbox 868 4031 1023 4113; x_wconf 86' lang='lat' dir='ltr'><strong>leporem.</strong></span> 
     </span>
     <span class='ocr_line' id='line_1_34' title="bbox 255 4128 1346 4216; baseline -0.002 -20"><span class='ocrx_word' id='word_1_221' title='bbox 255 4131 324 4196; x_wconf 87' lang='lat' dir='ltr'><strong>Sed</strong></span> <span class='ocrx_word' id='word_1_222' title='bbox 338 4129 403 4196; x_wconf 89' lang='lat' dir='ltr'><strong>hos</strong></span> <span class='ocrx_word' id='word_1_223' title='bbox 419 4147 534 4196; x_wconf 87' lang='lat' dir='ltr'><strong>versus</strong></span> <span class='ocrx_word' id='word_1_224' title='bbox 549 4128 711 4197; x_wconf 84' lang='lat' dir='ltr'><strong>Martialis</strong></span> <span class='ocrx_word' id='word_1_225' title='bbox 726 4133 761 4198; x_wconf 91' lang='lat' dir='ltr'><strong>in</strong></span> <span class='ocrx_word' id='word_1_226' title='bbox 775 4149 862 4212; x_wconf 82' lang='lat' dir='ltr'><strong>earn,</strong></span> <span class='ocrx_word' id='word_1_227' title='bbox 871 4145 946 4216; x_wconf 76' lang='lat' dir='ltr'><strong>quse</strong></span> <span class='ocrx_word' id='word_1_228' title='bbox 964 4129 1121 4196; x_wconf 83' lang='lat' dir='ltr'><strong>deformis</strong></span> <span class='ocrx_word' id='word_1_229' title='bbox 1137 4135 1240 4208; x_wconf 89' lang='lat' dir='ltr'><strong>esset,</strong></span> <span class='ocrx_word' id='word_1_230' title='bbox 1254 4147 1346 4196; x_wconf 85' lang='lat' dir='ltr'><strong>eom·</strong></span> 
     </span>
    </p>
   </div>
   <div class='ocr_carea' id='block_1_8' title="bbox 0 0 1522 4902">
    <p class='ocr_par' dir='ltr' id='par_1_16' title="bbox 0 0 1522 4902">
     <span class='ocr_line' id='line_1_35' title="bbox 0 0 1522 4902; baseline 0 6"><span class='ocrx_word' id='word_1_231' title='bbox 0 0 1522 4902; x_wconf 95' lang='lat' dir='ltr'><strong> </strong></span> 
     </span>
    </p>
   </div>
  </div>
 </body>
</html>
