2978 4894
561 469 564 478 ,
607 420 646 466 u.
669 419 755 469 VAL.
779 417 989 469 uantum!

377 565 538 634 Undenas
552 572 650 632 rorat
663 567 697 630 in
711 565 764 630 die
776 566 922 650 puellas.
998 653 1001 658 ἱ

377 670 552 755 Harpasto
566 689 701 757 quoque
716 669 886 751 subligata
899 663 998 747 ludit,

375 772 421 838 Et
435 771 585 836 flavescit
598 771 717 854 haphe,
733 791 921 856 gravesque
936 771 1071 838 draucis

376 875 534 942 Halteras
547 873 637 939 facili
653 881 740 938 rotat
755 874 888 952 lacerto,

375 977 421 1043 Et
434 978 525 1061 putri
541 977 698 1042 lutulenta
714 977 756 1041 de
773 977 935 1061 palaestra
1042 1009 1045 1014 ·

359 1079 477 1145 ·llucti
492 1080 628 1145 verbere
644 1081 782 1164 vapulat
795 1081 963 1164 magistri:

375 1181 450 1247 Nec
465 1189 578 1248 coenat
592 1183 695 1267 prius,
713 1189 770 1247 aut
784 1184 949 1248 recumbit
962 1191 1051 1262 ante,

375 1283 487 1363 Quam
503 1291 629 1370 septem
644 1287 773 1350 vomuit
787 1307 895 1354 meros
911 1287 1072 1368 deunces;
1142 1273 1146 1282 ’
1295 1287 1338 1351 10

375 1387 429 1453 Ad
446 1409 532 1474 quoa
549 1387 600 1454 tas
615 1388 678 1454 sibi
693 1397 770 1454 tuuc
786 1395 880 1473 putat
894 1389 1010 1468 redire,

372 1490 456 1556 Cum
469 1491 618 1575 coliphia
632 1492 805 1556 sexdecim
820 1493 976 1557 comedit.
1041 1515 1044 1523 ¹

373 1591 460 1658 Post
472 1593 546 1658 baec
560 1595 682 1672 omnia,
698 1615 777 1660 cum
787 1595 995 1672 libidinatur,

373 1694 454 1760 Nou
476 1696 590 1761 fellat:
614 1703 712 1780 putat
724 1698 789 1763 hoc
805 1717 921 1782 parum
936 1697 1050 1764 virile:

373 1797 441 1864 Sed
455 1799 555 1882 plane
569 1799 697 1864 medias
714 1809 813 1865 rorat
825 1801 967 1885 puellas.

373 1901 422 1966 Di
436 1911 578 1972 mentem
590 1902 651 1966 tibi
665 1900 745 1968 dent
760 1911 861 1981 tuam,
878 1901 1039 1968 Philaeni:

373 2004 524 2070 Cunnum
538 2005 660 2088 lingere
676 2023 753 2086 quae
772 2011 873 2090 putas
888 2004 995 2069 virile.

636 2157 641 2190 ιΙ
700 2153 881 2174 ΙΙΙΜΙΙΟΝ

272 2251 288 2296 9
309 2245 418 2296 Uariam
427 2242 491 2292 dolat
502 2243 566 2303 tegit
577 2243 764 2296 Gratum-6
781 2241 957 2301 tremefactu
969 2242 994 2292 tn
1006 2243 1064 2292 edd.
1074 2249 1140 2294 vett.
1173 2243 1270 2294 Altam
1280 2243 1305 2294 b.
1316 2243 1335 2294 1.

240 2310 374 2360 substituit
381 2307 494 2356 'l'urueb
504 2321 552 2356 nou
562 2321 576 2355 e
588 2306 748 2369 conjectura,
758 2314 786 2353 ut
796 2305 842 2366 ait,
850 2307 895 2355 aed
904 2307 1006 2357 libraria
1017 2307 1078 2358 lide.
1112 2308 1203 2359 Codex
1214 2310 1334 2358 Pulman-

238 2377 268 2426 ni
276 2375 404 2426 Attanum
414 2372 609 2438 exprimit-ll
621 2370 653 2420 lu
664 2369 725 2420 edd.
735 2376 800 2421 vett.
812 2373 1088 2436 99999999999999991
1099 2375 1137 2426 aie
1147 2375 1211 2441 legit
1223 2374 1318 2438 Delplr.

736 2519 848 2570 NOTAE

272 2639 288 2684 9
309 2632 577 2696 Vnrctr'artr'epuetlar]
594 2631 767 2698 nrcflrtl'cvcc,
839 2641 855 2686 8
876 2637 948 2687 chti
969 2635 1092 2702 nugtrtrl]
1125 2635 1222 2700 Aliptae
1243 2651 1332 2686 manua

239 2709 406 2774 occultem,
416 2709 584 2774 aalrpttlocra.
618 2710 725 2762 Gruter.
733 2715 769 2762 la·
806 2713 1145 2779 crepituiuterungenrlum.
1162 2713 1334 2767 1111919999-

242 2790 280 2852 grt
291 2791 365 2839 99199
663 2807 664 2815 ¹
808 2791 840 2840 91.
862 2789 916 2842 Sat.
938 2805 977 2843 vr.
994 2796 1052 2842 429.
1097 2775 1202 2841 teram
1228 2791 1334 2856 caputet]

272 2863 536 2935 tllnrpnatoqaoqua]
554 2863 609 2914 Lib.
630 2878 670 2914 rr.
687 2867 764 2931 Epig.
807 2867 873 2917 Nam
892 2875 919 2918 et
939 2868 965 2917 bi
981 2867 1111 2932 lingbui,
1126 2881 1189 2932 quor
1207 2865 1333 2916 lrwrrtrar

239 2943 281 2990 19.
804 2943 893 2994 Graeci
902 2943 1015 2993 dicuut'
994 2943 1135 3008 ,Juavtrgre
1148 2943 1284 2994 habebant.

271 3014 397 3078 Sulluctu
405 3014 477 3078 199199]
485 3016 563 3065 Verte
572 3015 712 3080 subducta
723 3019 765 3068 rel
835 3025 852 3070 9
870 3021 921 3070 Nec
939 3027 1024 3082 canat,
1042 3020 1096 3085 tra]
1111 3019 1205 3072 Juven.
1220 3020 1274 3073 Sat.
1293 3033 1331 3074 vt·

187 3156 190 3166 Δ
238 3091 455 3155 ‘subligariuaa'
804 3101 862 3146 aaa.
882 3097 1031 3146 ‘textantur
1053 3097 1120 3145 altar
1138 3095 1253 3145 Ducitur
1272 3103 1332 3145 anta

269 3168 422 3220 tFtrrcrrrtt
436 3169 523 3234 lrnplae]
540 3169 571 3218 lu
584 3169 707 3234 palaestra
718 3169 764 3221 tla-
805 3173 888 3222 cibum
901 3172 1016 3222 rabidam
1030 3171 1146 3222 facturus
1155 3172 1263 3230 orexim,
1264 3172 1330 3222 ’999

136 3255 139 3268 ·
238 3245 765 3309 9999199999991999999999199919199-
807 3248 873 3297 vute
885 3249 929 3298 lib.
941 3263 968 3299 v.
982 3249 1055 3312 Eula-
1064 3253 1106 3299 19.

236 3319 293 3370 lcur
304 3335 362 3371 cum
371 3321 486 3371 Hercula
497 3322 597 3371 luctans
609 3321 686 3372 Ouid.
697 3323 764 3374 Met.
837 3328 869 3374 19
894 3325 955 3373 Cara
975 3323 1090 3388 99119119]
1108 3323 1274 3374 Luctatcrnur
1286 3339 1330 3389 pa·

238 3411 279 3448 rx.
302 3397 397 3464 ‘fulua
417 3406 502 3450 tactua
522 3397 641 3449 flavescit
658 3399 763 3451 arena!
805 3401 913 3464 nea‚qui
927 3399 1200 3464 rireapalaatritarum
1212 3400 1330 3450 membris

233 3474 297 3538 'aab
309 3481 393 3526 autern
404 3481 482 3525 tuctru
493 3483 542 3524 eat.
577 3477 692 3539 Epictet.
712 3477 762 3526 En·
804 3477 913 3541 addunt,
932 3493 948 3528 a
964 3481 1040 3528 99999
1056 3485 1082 3529 et
1093 3479 1137 3542 199,
1148 3486 1177 3528 ut
1187 3479 1245 3528 vult
1255 3479 1329 3528 Dora.

237 3553 363 3616 9119999.
373 3557 414 3604 26.
429 3551 581 3603 ‘natura
591 3555 660 3617 χεῖρα
670 3556 763 3618 mar,
803 3555 965 3616 Caluennae,
974 3569 1051 3625 quara
1063 3554 1246 3619 etymologiam
1260 3567 1328 3604 aare·

237 3627 539 3694 aepupbcrpttuflcualp
560 3628 761 3692 191999999ιῖ9.
803 3646 861 3682 rare
879 3632 1089 3684 laboratCornal.
1106 3632 1226 3684 1119911199
1238 3641 1328 3682 contra

261 3704 459 3769 6999999999]
468 3707 622 3768 Etpondern
631 3709 673 3756 illa
682 3711 762 3771 plum·
802 3707 930 3757 Merulam
951 3707 1076 3758 Anactat.
1095 3723 1152 3772 cap.
1173 3713 1214 3758 19.
1248 3707 1327 3759 Certa

235 3793 286 3848 ω
298 3797 343 3832 999
354 3781 448 3844 terrea,
462 3783 564 3846 corpori
576 3783 720 3833 exercendo
736 3785 762 3833 lu
802 3783 870 3832 enim
879 3783 993 3833 ciborum
1005 3783 1139 3847 generead
1151 3773 1282 3848 palaatraa
1299 3792 1328 3836 et

236 3855 383 3923 Gymnasiis
402 3864 431 3906 et
450 3857 555 3907 Balneis
576 3857 700 3922 adbibita,
716 3860 757 3908 rel
801 3859 1037 3924 ceteraaejurmodi
1048 3861 1261 3910 exercitationum
1277 3859 1328 3910 icr-

237 3933 300 3997 lpata
311 3933 451 3997 grandibus
469 3935 571 3984 draueia
581 3937 680 3998 gravia,
698 3935 758 3998 agili
802 3951 856 3986 maa
865 3937 1088 4001 praeparabantur.
1103 3935 1325 3988 ravennianum

235 4016 415 4058 ramtmanu.
427 4009 546 4060 virtutib.
559 4023 617 4061 arv.
629 4011 706 4076 Eptg.
718 4016 759 4062 49.
801 4015 961 4066 ‘humantur
981 4029 1082 4079 paucae,
1101 4014 1241 4066 comedunt
1268 4016 1327 4066 acti·

235 4092 264 4136 at
273 4090 313 4135 ttl.
323 4091 350 4135 at
360 4083 454 4135 Jtrreu.
467 4086 523 4135 Sat.
533 4099 571 4137 vr.
582 4091 624 4137 99.
633 4101 691 4152 qua
703 4086 760 4137 lrcic
801 4091 861 4153 pbia
870 4089 977 4154 panca!

234 4160 421 4226 Epigrammati
434 4169 567 4212 accacuat.
835 4159 863 4214 1'5
883 4165 987 4220 Metitur
997 4165 1049 4230 99]
1064 4166 1148 4230 Supra
1158 4169 1260 4216 99991.

258 4243 274 4288 t
291 4237 376 4301 Patra]
393 4237 464 4288 biale
475 4238 598 4290 91999191)
609 4240 674 4293 cleo.
833 4243 1238 4310 19Μ999999999,Ρ111991,.99]
1250 4245 1322 4294 lien·

251 4309 761 4379 19999199999910999999999199999919.
800 4325 853 4370 tem
865 4333 963 4384 ranam,
974 4321 1016 4370 991
1022 4335 1080 4386 qua
1091 4319 1233 4372 immineam
1245 4335 1324 4387 appa·
