3034 4902
727 983 775 1033 An

390 1191 1106 1291 LECTORES.

523 1539 571 1590 EX
586 1541 770 1595 anmoins
787 1543 974 1596 racanati.

199 1817 434 1908 Pnaannrurr
450 1843 605 1924 Paulum,
618 1845 830 1928 splendidum
845 1847 996 1930 equitem
1008 1845 1207 1926 liemaunm,
1217 1847 1293 1912 Ele·

197 1961 259 2023 goa
274 1963 359 2028 quos
375 1945 501 2012 erudite
515 1947 696 2030 scripserat
718 1949 944 2026 recitaturum,
960 1952 1061 2032 atque
1075 1949 1291 2032 incipientem

198 2041 308 2108 dicere
322 2048 332 2078 ‘
347 2043 463 2110 Prisce
472 2044 596 2130 jubes,’
610 2047 633 2111 J
635 2048 797 2113 aboleuus
817 2047 952 2131 quidam
973 2047 1113 2114 Priscus
1136 2051 1195 2134 qni
1212 2049 1291 2114 ade·

197 2149 260 2220 rat,
277 2142 384 2208 Paulo
398 2145 533 2228 quidem
547 2145 690 2225 amicus,
705 2148 766 2212 sed
787 2148 861 2231 ipse
876 2147 990 2215 dubiae
1015 2150 1179 2229 sanitatis,
1193 2150 1292 2216 inter·

195 2243 345 2326 pellavit,
382 2245 480 2329 ‘Ego
509 2247 608 2326 vero}
645 2249 810 2333 inquiens,
848 2253 941 2316 ‘nun
972 2249 1101 2332 jubeo!
1161 2249 1291 2316 Obortu

196 2345 398 2412 audientium
416 2347 499 2424 risu,
513 2367 583 2412 non
597 2347 736 2414 dubium
753 2356 809 2414 est
821 2350 901 2433 quin
921 2349 1031 2415 Paulo
1047 2351 1157 2416 aliena
1170 2349 1291 2418 delira·

194 2446 243 2510 tio
255 2447 462 2531 aliquantum
475 2445 607 2533 frigoris
622 2451 783 2516 attulerit.
804 2449 916 2535 Atque
930 2451 1008 2517 binc
1021 2457 1136 2517 monet
1149 2450 1290 2529 Plinius,

193 2547 434 2630 providendum
442 2569 516 2615 esse
529 2557 596 2618 taur
608 2551 738 2616 solicite
749 2552 958 2630 recitaturis‚¹
967 2570 1035 2617 nou
1046 2553 1153 2617 solum
1168 2558 1207 2617 ut
1220 2552 1290 2618 sint

194 2647 260 2731 ipsi
285 2651 629 2728 cantuarensium
654 2659 693 2716 ut
712 2669 815 2716 sanos
839 2650 1026 2719 adhibeant.
1069 2650 1196 2717 Sanum
1212 2673 1288 2737 prn-

193 2748 294 2829 secto,
317 2753 364 2816 mi
388 2751 554 2832 Secunde,
579 2752 773 2818 consilinm:
808 2753 1029 2836 nequeenim
1059 2751 1195 2819 difficile
1218 2763 1289 2822 crat

192 2851 303 2931 robis,
316 2851 377 2934 qni
394 2854 483 2918 intra
494 2855 639 2938 parietes
653 2857 782 2918 vestros
797 2871 910 2917 coram
924 2852 1045 2936 paucis
1059 2853 1170 2938 iisque
1184 2854 1287 2921 dilec·
1334 2919 1338 2926 .

191 2951 237 3016 tis
260 2955 295 3017 et
317 2954 434 3018 amicis
451 2953 628 3031 recitastis,
654 2953 789 3020 insanos
814 2971 980 3019 amovere.
1026 2953 1131 3019 Sede
1151 2956 1287 3039 publico

190 3051 255 3118 boc
268 3051 395 3119 theatro
411 3054 486 3137 quis
501 3073 616 3139 praeeo
629 3055 799 3120 amovebit
812 3073 953 3137 asperos
967 3054 1069 3120 hosce
1083 3060 1120 3119 et
1134 3061 1287 3122 austeros
1338 3067 1340 3072 '

191 3151 439 3234 Xenocrates*
455 3156 514 3238 qui
532 3154 658 3223 Gratiis
681 3173 748 3220 non
771 3154 932 3220 litarunti
954 3153 1031 3237 quis
1051 3155 1244 3238 designator
1267 3178 1286 3222 e

190 3255 308 3320 cuneis
321 3261 453 3340 patrum
467 3262 499 3323 et
512 3258 663 3343 equitum
676 3257 843 3323 excitabit
858 3256 984 3341 plebeii
1001 3255 1106 3322 istcs³
1125 3265 1160 3322 et
1184 3259 1286 3342 ἀφιλο-

190 3353 282 3418 :sav
296 3356 422 3437 ingenii
437 3355 578 3436 Marios,
599 3359 658 3441 qui
684 3355 797 3422 Musis
812 3375 909 3422 sacra
921 3375 990 3422 non
1004 3357 1161 3436 fecemnt,
1176 3357 1287 3424 lacere

188 3476 260 3522 nou
273 3458 415 3524 curanti
438 3459 514 3542 qnia
538 3457 656 3541 Mysta
679 3477 701 3522 a
731 3458 906 3523 Musamm
930 3457 1035 3522 sacris
1055 3457 1181 3522 arcebit
1206 3477 1285 3541 prc-

186 3558 301 3623 inunm
316 3558 380 3624 boc
403 3559 535 3642 vulgus,
549 3558 741 3642 imperitum
751 3557 851 3642 juxta
870 3563 968 3641 atque
992 3575 1159 3640 arrogans,
1172 3563 1206 3624 et
1218 3558 1285 3624 buc

188 3660 405 3743 moguntina,
418 3679 486 3744 quc
507 3659 714 3744 imperitius?
740 3657 813 3724 Alii
835 3677 991 3742 namque,
1014 3666 1054 3723 ut
1075 3659 1197 3724 missos
1221 3677 1284 3726 eos

191 3763 328 3843 faciam,
341 3764 400 3848 qui
414 3763 576 3830 tbeatmm
599 3763 826 3849 ingrediuntur
850 3767 977 3828 tantum
1001 3768 1043 3826 nt
1065 3766 1199 3842 exeant,
1224 3779 1285 3832 acu

688 3943 798 3998 NOTAE

220 4053 436 4122 lPrnileadu,
450 4055 505 4122 isa]
535 4055 636 4110 Pllnlnr
656 4055 716 4110 Sec.
756 4051 1236 4119 Praemiaetlllcabtirtlibrv.

185 4131 230 4183 m.
244 4143 285 4183 n.
297 4133 383 4198 apua
395 4138 436 4184 re.
786 4128 984 4194 crucam]
1003 4127 1138 4180 niutan.
1149 4125 1212 4177 ma
1226 4126 1283 4178 rr·-

218 4206 419 4274 idumaea]
433 4208 591 4261 Plutarchus
597 4205 714 4261 muuub.
755 4205 797 4272 rii,
807 4212 835 4258 et
845 4206 984 4262 Vntblax.
995 4203 1040 4256 lib.
1049 4217 1081 4256 rr.
1092 4217 1149 4268 cap.
1159 4205 1184 4255 t.
