3034 4902
355 433 361 446 ·
495 412 532 459 rr.
557 412 641 460 vnn.
667 411 873 462 nsnrrrnrs
897 414 998 462 vrrs.
1269 402 1292 466 9

190 553 337 622 Claudio
350 561 385 621 et
399 552 533 622 ottone
553 559 709 622 testatum
729 553 874 640 reliquit.
919 557 1053 622 Bilbilis
1068 557 1201 624 edonis
1216 557 1286 624 An·

190 663 288 741 gmon
301 657 395 724 dioto
406 662 471 737 est,
486 663 526 724 ut
537 659 615 741 ipso
628 658 747 724 scribit
762 673 802 723 x.
818 658 893 724 103.

318 759 522 844 Munioipos,
537 759 694 843 Auguste
706 759 787 826 mibi
798 779 886 845 quos
901 760 1035 826 Bilbilis
1050 763 1120 827 ucri

363 861 479 928 Monte
492 869 603 928 orent:

191 967 225 1028 et
236 966 331 1028 extet
343 963 379 1028 in
391 963 523 1032 'liberii
537 963 624 1050 Imp.
638 983 727 1031 mreo
741 985 889 1044 nummo,
904 963 1089 1032 Auousrn
1105 966 1289 1032 Brnsrnrs.

190 1061 428 1148 Vespasianus
441 1074 552 1132 sutem
571 1066 683 1133 Plinio
702 1073 788 1132 teste
803 1083 860 1131 ιιι.
872 1067 905 1132 3.
927 1067 1095 1132 universos
1111 1065 1291 1150 Hispaniis

184 1165 244 1250 jus
254 1165 349 1232 Lotii
361 1166 466 1246 dedit,
479 1167 653 1234 tivitutom
667 1174 788 1252 postea
800 1166 1006 1236 cernendus.
1043 1167 1154 1234 Murci
1163 1188 1243 1253 ergo
1254 1175 1292 1235 et

190 1265 321 1334 Valerii
333 1269 483 1349 nornine,
497 1289 591 1336 more
611 1270 736 1338 civium
750 1271 994 1348 Romanorum,
1010 1269 1069 1354 qui
1083 1289 1291 1354 prenomen,
1314 1303 1320 1312 ·

188 1389 319 1450 nomen,
331 1389 517 1454 cognomen
528 1371 689 1450 ferebant,
709 1371 775 1438 eibi
796 1371 902 1457 polito
921 1371 1017 1454 legit,
1039 1371 1200 1440 orbitrutn
1213 1391 1288 1437 reor
1341 1427 1346 1440 .

190 1489 265 1536 sno.
309 1469 421 1538 iderti
441 1471 527 1538 forte
549 1479 584 1538 ot
606 1471 787 1551 Martialis,
811 1472 901 1557 qnod
914 1467 1037 1549 lirense
1061 1471 1182 1538 Mortis
1194 1479 1290 1539 esset

189 1571 311 1638 adime
354 1572 410 1652 [lli
432 1573 522 1639 enlm
544 1571 667 1652 Murci,
687 1581 728 1639 ut
748 1577 877 1640 veteres
902 1573 1049 1654 esunt,
1070 1575 1289 1640 vocabuntur.

190 1671 323 1740 Valerii
345 1693 466 1741 nomeu
491 1675 546 1741 vol
569 1695 592 1742 o
616 1674 809 1743 Haeoenote
833 1695 897 1742 suo
920 1677 1035 1762 oliquo
1060 1675 1209 1754 Valerio,
1234 1675 1292 1742 rel

191 1772 333 1840 valerio
356 1775 483 1842 Fluooo
509 1776 666 1843 lumiliuri
692 1777 807 1862 polilt,
831 1778 888 1844 rel
910 1778 999 1843 forte
1024 1779 1069 1844 ob
1097 1777 1293 1843 memorium

190 1875 332 1958 Gutulli,
352 1897 450 1962 quem
472 1882 525 1944 est
545 1877 712 1957 imitatus,
734 1879 795 1962 qui
819 1879 950 1965 etipse
974 1877 1132 1946 valerio·
1153 1877 1295 1957 audivit,

192 1979 260 2046 sibl
275 1981 414 2047 sumsit:
436 1999 501 2046 neo
514 1979 604 2046 enim
616 1999 639 2046 u
651 1979 837 2065 majoribus
859 1987 1037 2067 ooeeptum
1058 1981 1211 2059 arbitror,
1225 1982 1293 2046 etsi

191 2099 260 2146 non
273 2081 401 2164 lgnoro,
421 2082 557 2148 nomino
577 2081 675 2148 noris
696 2083 830 2171 civibus
851 2089 1004 2149 assumto
1027 2084 1072 2148 ub
1087 2083 1141 2161 iis,
1156 2099 1294 2166 quornm

191 2181 543 2250 medonensem
563 2183 805 2268 impetrassent,
826 2203 890 2250 sus
905 2200 989 2250 vero
1011 2197 1074 2268 pro
1088 2179 1293 2268 cognomini·

191 2283 255 2350 bus
268 2289 411 2352 servum
455 2283 558 2364 Quod
570 2286 628 2352 lib.
643 2301 670 2353 1.
683 2286 727 2352 de
740 2287 830 2352 bello
843 2285 981 2353 Gallico
997 2283 1113 2351 Gaesur
1132 2283 1294 2361 ostendit,

191 2403 270 2452 oum
283 2387 352 2458 uit:
374 2385 718 2454 ‘Commodissimum
739 2387 851 2456 risum
872 2393 936 2464 ost,
952 2385 1002 2452 M.
1016 2385 1191 2451 Valerium
1211 2383 1295 2450 Pro·
1318 2473 1325 2476 -

190 2487 318 2566 ellium,
331 2485 409 2554 cnr
421 2486 551 2554 Valerii
565 2485 708 2558 Ooburrl
721 2488 840 2569 filium,
861 2487 959 2572 enjus
973 2494 1069 2572 puter
1083 2505 1105 2552 u
1119 2486 1206 2551 Ceio
1220 2483 1293 2551 Ve-

192 2587 277 2654 lodo
290 2589 420 2655 Flooeo
431 2589 569 2655 olriteto
588 2588 736 2656 donetur
755 2595 838 2668 erut,
860 2587 1009 2656 mittere!
1052 2587 1097 2654 Et
1112 2580 1235 2652 Cicero
1248 2585 1296 2652 sd

193 2685 361 2755 Acilium:
383 2689 499 2756 ‘Ourn
512 2676 906 2774 Dememo'nego'mmr
926 2693 1025 2754 retus
1036 2687 1218 2772 hospitius
1232 2689 1295 2751 est

194 2787 238 2855 m·
261 2790 443 2858 Dolubsllu
458 2798 578 2876 rogatu
600 2810 675 2857 meo
696 2791 869 2858 oiritutom
892 2791 1094 2875 impetravit,
1118 2807 1186 2874 qun
1206 2788 1296 2853 inre

193 2909 257 2974 ugo
281 2891 428 2960 interlui.
471 2893 593 2978 Imque
619 2911 708 2957 nuno
733 2892 774 2957 P.
790 2889 966 2958 Cornelius
993 2889 1158 2956 vocetur?
1201 2887 1297 2954 Idem

195 2991 241 3058 ed
264 2993 408 3060 eundem
431 2993 599 3060 Aedinmr
631 2992 697 3058 σ(ἓ.
720 2991 905 3060 Arionium
929 2991 1155 3058 Philoxenum
1181 2989 1298 3056 Gusstu

194 3113 271 3160 meo
306 3095 470 3164 beneficio
498 3095 534 3160 in
567 3093 845 3161 Norooomensos
880 3093 1003 3170 retulit,
1029 3111 1154 3156 nornen
1182 3097 1296 3157 eutem

195 3193 335 3264 trienii
351 3203 553 3264 consecutus
573 3201 635 3274 ost,
658 3195 750 3280 quod
769 3194 904 3260 bomine
923 3193 1015 3258 nullo
1035 3193 1113 3277 plur
1132 3209 1217 3258 usus
1230 3201 1297 3272 est,

194 3315 301 3382 quum
316 3298 442 3365 Fluooo
465 3296 612 3364 Arisnlo
630 3315 708 3362 meo
729 3292 1012 3362 furnillurr'ssimo?
1055 3293 1144 3358 Item
1157 3293 1194 3358 in
1211 3293 1297 3361 Ver·
1372 3353 1373 3359 ,

195 3417 286 3465 rem:
309 3399 381 3479 Ὀ.
402 3398 751 3466 Lutatius-Diodorus
771 3397 935 3463 beneficio
958 3394 1002 3475 Q.
1025 3394 1138 3461 Geruli
1159 3413 1181 3459 o
1200 3393 1299 3478 Syllo

196 3501 285 3566 ciris
314 3500 489 3566 Romanus
510 3501 629 3577 lomus,
655 3498 840 3581 eademque
867 3498 995 3563 roomo
1016 3495 1059 3561 do
1087 3495 1211 3573 Dione,
1239 3495 1297 3578 qui

196 3601 360 3668 beneficio
374 3601 420 3682 Q.
436 3601 568 3668 Metelli
589 3599 676 3666 oivls
696 3600 820 3678 luetur,
840 3597 885 3678 Q.
900 3597 1062 3664 Caecilius
1078 3597 1146 3660 Dio
1163 3603 1217 3660 est
1237 3615 1298 3682 ap-

196 3701 365 3788 pellatus?
401 3703 474 3769 Sub
488 3701 756 3788 imperatoribus,
771 3719 847 3766 oum
860 3699 1014 3766 Romwu
1027 3698 1149 3762 civitas
1163 3697 1299 3780 integris
1447 3739 1450 3753 ,

197 3804 383 3888 provinciis
397 3803 538 3882 duretur,
559 3803 606 3882 bi,
628 3802 688 3886 qul
708 3801 882 3870 oiritutem
903 3791 1297 3882 Romnnom'oonseque·

196 3905 332 3986 buntur,
351 3905 408 3971 rel
423 3904 643 3991 Imperatoris
656 3921 850 3990 prenomen
864 3909 899 3969 et
912 3919 1046 3980 nomon,
1059 3899 1117 3965 rel
1132 3899 1221 3984 ejus,
1236 3907 1298 3964 unt

197 4025 328 4085 eorum,
342 4025 485 4093 quornm
497 4007 672 4093 praeolpuo
693 4006 849 4072 subsidio
862 4005 1035 4071 eivitetem
1049 4003 1297 4086 impetrassent,

198 4109 335 4174 nornine
355 4109 510 4175 forebant.
552 4107 680 4176 Verum
701 4126 778 4178 curn
798 4105 990 4172 Antoninus
1010 4103 1206 4171 concellus
1228 4099 1298 4166 Inr-

200 4218 336 4295 perutor
357 4209 631 4278 oonstitutionom
653 4209 829 4291 edidisset,
849 4227 925 4294 quse
947 4207 1006 4274 lib.
1031 4223 1057 4276 ι.
1084 4205 1298 4288 Digestorum
